2231 3522
477 202 535 247 96

562 318 646 380 ltii
679 317 969 396 Principis
991 312 1403 377 Mansuetudo
1431 313 1849 396 composuerat
1867 363 1884 387 ,

735 399 826 464 Ut
842 403 1014 462 nullo
1032 401 1386 460 imminente
1403 401 1719 480 naufragio

654 485 698 550 P
711 507 871 549 ortus
889 487 1204 548 malaciam
1224 483 1472 564 quisque
1490 487 1799 560 traiiceret‚

740 573 871 655 Qui
888 570 1117 653 dilapso
1136 568 1356 629 Divini
1376 571 1529 630 Solis
1554 572 1724 633 radio

728 660 975 739 Semper
1014 656 1472 716 collustrabatur
1500 659 1736 719 animus

458 741 613 806 Non
627 745 832 805 debuit
850 789 865 810 ,
883 742 988 802 nisi
1007 760 1287 823 pacatam
1305 742 1579 801 exhibere
1596 740 1964 810 serenitatem
1987 794 2004 817 ,

774 830 922 911 Qua
939 827 1233 909 Principis
1252 827 1325 888 ad
1343 827 1691 907 exemplum

895 910 1058 974 Tota
1075 912 1400 974 mitesceret
1416 912 1592 973 Aula.

489 1000 685 1063 Ree‘tae
702 998 1055 1066 Rationi,ita
1073 1017 1270 1060 motus
1286 1019 1494 1058 omnes
1513 1000 2010 1078 agglutinaverat,

540 1081 633 1149 Ut
649 1088 746 1148 Vel
761 1087 824 1145 in
842 1083 967 1167 ipso
983 1083 1290 1146 Adamum
1312 1103 1440 1144 non
1460 1105 1633 1165 pecca
1645 1083 1719 1145 ffe
1744 1087 1902 1148 dicas
1918 1132 1936 1155 ,

686 1172 803 1232 Vel
820 1170 1143 1252 collapsam
1164 1171 1226 1230 in
1246 1171 1449 1252 primis
1463 1173 1802 1250 parentibus

915 1251 1268 1317 Instauraffe
1285 1275 1580 1316 naturam.

595 1342 752 1425 Quae
771 1342 1095 1402 iracundiae
1113 1337 1358 1402 fuiffent
1375 1340 1525 1400 Aliis
1545 1341 1912 1405 irritamenta

697 1427 1067 1488 Occasiones
1085 1428 1331 1490 fuerunt
1354 1425 1459 1507 ipsi
1478 1426 1790 1489 charitatis.

524 1511 608 1575 At
621 1510 654 1573 a
670 1533 818 1574 Vero
838 1507 1003 1573 haud
1018 1513 1308 1573 aberravit
1328 1513 1647 1591 vulgatum
1666 1513 1971 1595 adagium,

698 1673 702 1678 ,
828 1597 981 1679 Qo
998 1615 1258 1659 extrema
1273 1596 1668 1678 tranquillitas

660 1675 1007 1745 Extremam
1025 1685 1246 1744 dicitur
1258 1684 1588 1764 procellam
1605 1683 1838 1745 minari.

576 1764 869 1829 Creverat
884 1767 959 1828 ad
977 1768 1288 1829 summum
1307 1767 1600 1828 Bavarica
1618 1761 1911 1839 Felicitas,

558 1846 870 1913 Delectata
899 1852 1092 1933 fuerat
1129 1873 1272 1912 cum
1323 1850 1602 1933 Principe
1618 1853 1931 1916 mansueto

895 1936 967 1998 In
987 1937 1379 1998 multitudine
1396 1936 1587 2004 Pacis,

551 2100 554 2103 Ι
612 2023 764 2085 Sine
807 2020 1115 2104 spinarum
1148 2019 1427 2100 molestijs
1458 2019 1610 2082 rosas
1640 2023 1870 2105 carpsit,

474 2188 476 2190 Ι
610 2108 708 2170 ΕΟ
725 2110 821 2169 Vel
851 2125 1120 2190 tempore
1139 2152 1156 2175 ,
1204 2126 1333 2189 quo
1352 2107 1579 2188 ubique
1597 2110 1899 2178 locorum,

472 2190 605 2258 Nisi
627 2194 984 2274 sanguinem
1000 2195 1251 2256 sitientia
1282 2194 1542 2255 cudebat
1560 2195 1672 2254 tela
1689 2195 2030 2261 Vulcanus,

579 2321 584 2327 ·
617 2281 755 2355 Nisi
773 2278 997 2362 spicula
1015 2279 1232 2341 Martis
1249 2279 1470 2341 ferocia
1487 2279 1888 2359 intorquebat,

736 2364 817 2430 Et
833 2367 955 2428 sinc
973 2366 1219 2427 floribus
1236 2364 1381 2426 solas
1398 2366 1575 2449 dabat
1596 2364 1787 2448 spinas

917 2451 1307 2514 Debacchata
1326 2448 1597 2512 Bellona.

798 2539 862 2600 O
877 2536 1152 2601 Labilem
1167 2554 1325 2600 terrae
1342 2537 1724 2599 felicitatem!

673 2624 768 2686 Ut
793 2637 1058 2686 extremo
1083 2623 1390 2698 Bavaricae
1417 2622 1591 2684 Aulae
1621 2620 1877 2683 Gaudio

802 2709 1120 2770 Extremus
1137 2709 1513 2790 responderet
1533 2706 1759 2771 Ludius

642 2793 823 2856 Hane
846 2795 1081 2876 Superis
1112 2790 1501 2876 gratiffimam
1531 2792 1868 2855 Malaciam

1884 2877 1993 2939 Su-
