2154 3517
559 226 620 257 10

487 318 747 371 cebrarum
761 315 999 369 omnium
1012 315 1079 368 ita
1094 313 1371 385 aspernatus
1385 316 1805 376 est-incitamenta,
1817 314 1954 369 ut'ab

487 389 700 443 honesto
722 407 989 461 nunquam
1012 385 1277 442 deflexerit.
1350 388 1479 442 Proh
1499 389 1794 461 singularem
1821 389 1957 440 Prin-

487 462 609 532 cipis
629 460 935 513 munditiem
953 461 964 514 !
988 458 1142 521 Quod
1160 457 1289 510 olim
1303 462 1476 514 Paulus
1488 480 1595 514 non
1611 460 1766 513 valuit
1782 461 1957 530 repeti-

487 535 550 586 tis
562 531 790 603 precibus
813 532 1067 604 affequi,ut
1080 529 1303 579 stimulus
1316 533 1368 585 in
1390 551 1452 585 eo
1472 534 1629 586 carnis
1650 534 1957 605 extinguere-

487 622 582 675 turs
596 608 820 675 Princeps
832 604 1055 657 castitatis
1070 597 1268 652 Athleta
1286 600 1348 651 ab
1362 603 1599 657 illecebris
1613 605 1853 657 omnibus
1872 602 1957 655 ab-

485 676 692 730 horrens
706 676 801 730 fuit
817 677 981 729 statim
996 672 1292 744 affequutus.
1331 674 1478 734 Quos
1499 674 1702 728 luxuriae
1724 693 1959 733 conatus,

487 765 543 800 ut
585 744 832 822 frangeret
866 748 1205 816 Hieronymus
1234 744 1431 796 nudum
1455 742 1629 798 debuit
1652 749 1765 798 saxo
1790 752 1960 818 pectus

488 820 774 873 obtundere
797 841 812 877 5
851 819 1076 887 Princeps
1090 816 1323 868 castitatis
1338 815 1537 868 Athleta
1550 815 1657 869 solo
1675 818 1962 887 imperantis

487 894 715 945 Rationis
728 907 854 944 nutu
870 884 1011 960 plene
1033 887 1268 940 coercuit.
1334 889 1480 950 Quos
1492 889 1697 942 Veneris
1710 888 1937 942 stimulos
1949 930 1962 950 ,

492 982 548 1017 ut
562 963 852 1035 infringeret
871 961 1167 1013 Benedictus
1180 960 1380 1012 nudum
1395 961 1568 1012 debuit
1580 979 1760 1030 corpus
1784 962 1965 1013 confo-

489 1036 604 1087 dere
628 1034 859 1102 vepribus
897 1054 910 1091 5
949 1034 1174 1101 Princeps
1197 1032 1430 1085 castitatis
1453 1032 1653 1086 Athleta
1676 1034 1966 1086 inconcussa

486 1107 642 1159 animi
655 1105 883 1158 contudit
895 1103 1145 1158 firmitate.
1213 1106 1352 1170 Quas
1377 1106 1584 1158 Veneris
1606 1103 1751 1165 labeS,
1767 1123 1829 1158 ne
1842 1123 1965 1157 con-

489 1178 701 1232 traheret
723 1178 996 1232 Franciscus
1017 1177 1191 1230 debuit
1212 1177 1320 1229 altis
1342 1178 1386 1229 se
1407 1180 1451 1229 se
1483 1176 1708 1230 volutare
1731 1177 1931 1232 nivibus
1951 1199 1966 1236 5

491 1252 715 1322 Princeps
741 1250 973 1303 castitatis
1004 1250 1206 1302 Athleta
1230 1247 1338 1301 solo
1366 1249 1544 1303 Divini
1568 1249 1750 1301 amoris
1775 1248 1968 1322 fugavit

491 1323 679 1375 ardore.
719 1325 866 1394 Qos
880 1323 1148 1392 Cupidinis
1162 1322 1315 1394 ignes,
1331 1339 1386 1373 ut
1399 1321 1682 1391 praefocaret
1694 1321 1968 1373 Bernardus

491 1394 793 1466 rigidiffimis
805 1396 849 1444 se
859 1394 903 1444 se
917 1394 1063 1445 undis
1077 1393 1319 1445 immersit
1332 1414 1346 1450 5
1360 1396 1584 1464 Princeps
1598 1393 1827 1445 castitatis
1840 1394 1969 1446 Ath-

489 1465 589 1519 leta
600 1465 756 1518 niveis
770 1464 938 1537 abegit
951 1465 1193 1516 moribus.
1242 1464 1321 1516 Ab
1332 1462 1574 1516 omnibus
1588 1464 1776 1535 semper
1786 1463 1969 1518 abhor-

486 1540 589 1590 ruit
603 1538 821 1607 corrupti
846 1535 1006 1588 saeculi
1028 1535 1149 1588 volu
1157 1534 1378 1606 pratibus
1396 1575 1408 1594 ‚
1425 1535 1546 1607 quia
1568 1553 1779 1589 noverat
1790 1538 1971 1589 mundi

488 1607 743 1663 illecebras
756 1608 1002 1661 aestuantis
1014 1607 1170 1681 pelagi
1192 1605 1454 1659 blandulas
1477 1604 1568 1659 esse
1591 1607 1820 1660 firenulas
1832 1647 1845 1663 ,
1861 1627 1973 1680 quae

488 1698 641 1733 cantu
654 1679 999 1739 delectantJed
1012 1681 1160 1732 dente
1175 1679 1413 1731 lacerant:
1433 1680 1679 1732 Hircaniae
1693 1679 1837 1752 sylvae
1850 1684 1974 1734 Pan—

489 1770 741 1824 teras,quae
755 1752 962 1821 profuso
975 1751 1202 1803 alliciunt
1216 1750 1395 1810 odore,
1417 1752 1494 1803 sed
1517 1769 1687 1825 ungue
1713 1752 1976 1806 dilaniant:

490 1828 659 1879 Vireta
670 1823 1069 1894 Sardonica,quae
1086 1824 1235 1875 risum
1258 1823 1570 1883 excitant‚1cd
1588 1824 1719 1875 mori
1741 1842 1937 1895 cogunt
1954 1841 1970 1879 z

497 1894 813 1968 Babylonicae
829 1894 1052 1947 Mulieris
1070 1894 1442 1965 impudentiam
1454 1933 1467 1949 ‚
1484 1914 1591 1966 quae
1612 1914 1866 1949 venenum
1883 1902 1974 1950 au*⁴¹

498 1985 585 2021 reo
598 1968 830 2039 propinat
847 1967 899 2018 in
916 1965 1123 2037 poculo,
1163 1970 1258 2018 Ter
1271 1965 1383 2018 felix
1398 1967 1717 2037 PrincepS,cui
1734 1967 1973 2038 voluptas

500 2039 596 2092 fuit
615 2039 676 2091 ab
699 2039 845 2089 omni
867 2038 911 2090 se
933 2038 1159 2090 abdicare
1182 2038 1338 2090 carnis
1374 2037 1647 2110 voluptate.
1729 2043 1826 2092 Ter
1856 2040 1975 2093 felix

498 2112 833 2182 PrincepS,qui
848 2108 925 2163 vel
938 2111 990 2161 in
1003 2110 1179 2161 mediis
1195 2110 1332 2162 Aulae
1348 2111 1633 2181 frequentiis
1642 2111 1864 2164 sanstam
1879 2113 1976 2165 fre-

498 2183 763 2254 quentavit
784 2181 1133 2242 solitudinem,
1151 2197 1208 2234 ut
1229 2181 1473 2234 Coclitum
1486 2183 1530 2233 se
1550 2182 1595 2235 se
1621 2182 1976 2255 frequentiores

499 2254 831 2308 infinuaretin
849 2254 1128 2324 amplexuS.
1200 2253 1280 2306 Ad
1291 2253 1407 2306 coeli
1427 2252 1685 2325 colloquia
1706 2271 1894 2308 terrena
1904 2256 1975 2310 al-

499 2324 608 2380 licit
632 2325 850 2378 solitudo
871 2349 884 2384 5
906 2345 1061 2397 quam
1093 2341 1149 2378 ut
1178 2325 1424 2378 excoleret
1445 2327 1498 2378 in
1523 2326 1716 2379 intimis
1729 2331 1975 2383 acciuerat

503 2398 645 2452 Aulae
657 2397 932 2449 receffibus:
955 2395 1053 2450 Hic
1064 2399 1290 2468 precariis
1309 2396 1529 2471 globulis
1543 2398 1735 2472 singula
1748 2399 1976 2473 signabat

500 2472 618 2524 Deo
649 2487 912 2522 momenta
937 2491 948 2520 :
985 2465 1083 2521 Hic
1112 2488 1197 2541 per
1226 2470 1366 2524 statas
1393 2488 1555 2540 preces
1576 2472 1660 2524 sua
1697 2490 1815 2524 cum
1837 2471 1974 2525 coelo

502 2541 733 2596 nectebat
745 2544 928 2594 amoris
940 2541 1126 2593 foedera
1149 2563 1159 2591 :
1195 2541 1291 2594 Hic
1302 2546 1476 2594 noctes
1488 2542 1775 2596 dimittebat
1787 2544 1975 2597 insom-

499 2632 603 2673 nm,
620 2612 699 2665 vel
726 2613 779 2665 in
804 2614 1019 2666 asceticis
1041 2612 1326 2673 volvendis,
1355 2614 1434 2667 vel
1448 2615 1541 2686 piis
1560 2614 1975 2669 meditationibus

505 2684 847 2738 construendis
868 2706 879 2735 :
917 2680 1017 2737 Hic
1036 2687 1265 2756 patientis
1284 2687 1549 2739 Servatoris
1579 2704 1784 2739 cruenta
1807 2688 1974 2742 imita-

506 2772 590 2809 tus
611 2757 836 2828 exempla
856 2757 1019 2831 flagris
1042 2757 1103 2808 ad
1126 2757 1371 2830 sanguinis
1387 2755 1682 2811 effusionem
1694 2761 1737 2811 se
1749 2758 1976 2814 dilacera·-

508 2827 595 2901 bat
618 2849 628 2880 ε
666 2829 804 2884 testes
827 2827 1027 2903 appello
1052 2846 1258 2889 retortos
1278 2833 1331 2884 in
1341 2831 1509 2884 nodos
1529 2830 1821 2903 funes‚quos
1831 2851 1973 2905 gem—

1813 2923 1899 2958 ma
