2231 3522
488 249 559 329 {4

716 359 890 444 Qfia
906 357 1089 425 Rosas
1121 357 1398 440 vepribus
1424 358 1742 424 defoecatas

900 446 1111 508 Tellus
1127 464 1255 503 non
1273 463 1596 523 germmat,

602 532 797 616 Spinis
814 544 1126 615 pungitur,
1156 528 1518 609 inflitstisque
1532 533 1888 597 vulneribus

898 615 1272 679 Cruentatur
1286 612 1579 695 Populus,

575 676 767 787 Cujus
785 703 1069 784 Princeps
1088 701 1318 776 deiecstis
1334 720 1617 761 curarum
1635 704 1914 786 molestijs

765 790 934 852 Solas
951 788 1305 848 deliciarum
1321 804 1484 848 amat
1500 784 1698 847 RosaS.

753 875 816 936 Si
849 874 970 935 sola
999 873 1078 935 fic
1107 889 1396 956 purpuret
1421 869 1530 932 Iste
1558 870 1718 933 Rosa

724 961 875 1023 Solo
935 976 1228 1041 purpurat
1287 956 1393 1019 Ille
1451 959 1757 1038 sanguine.

509 1044 659 1117 Non
675 1045 971 1129 sceptrum
986 1043 1334 1126 Principem
1351 1044 1514 1110 facit,
1540 1043 1636 1105 scd
1666 1046 1972 1127 optimum

1072 1130 1383 1211 Regimen.

574 1219 740 1282 Stare
757 1238 886 1280 non
904 1235 1227 1283 merentur,
1231 1217 1337 1297 qui
1354 1217 1433 1277 ira
1450 1215 1511 1275 in
1528 1213 1678 1276 solio
1695 1215 1915 1290 sedent

777 1297 1336 1367 Praestantiffimum
1361 1299 1708 1381 Principem

465 1388 636 1454 Bene
650 1389 1017 1495 express'urus
1035 1384 1367 1449 FERDIN
1375 1383 1496 1447 AN
1508 1385 1684 1448 DUS
1697 1385 2010 1459 MARIA,

701 1471 928 1542 Immo,
933 1476 992 1535 &
1009 1466 1508 1535 Amantiffimum
1527 1470 1787 1542 Patrem,

596 1559 914 1626 Unlversis
932 1560 1210 1620 oneravit
1225 1557 1277 1618 se
1295 1559 1622 1626 laboribus,
1626 1580 1694 1620 ac
1708 1561 1887 1630 curis,

626 1648 722 1711 Ut
736 1647 846 1709 suo
861 1646 1215 1727 gravamine
1231 1642 1505 1726 Populos
1522 1645 1850 1715 alleviaret,

566 1735 909 1819 Quietem,
940 1752 1127 1814 quam
1170 1730 1341 1792 fluxo
1381 1728 1613 1793 sudoris
1654 1750 1904 1813 argento

886 1819 1023 1880 Suis
1039 1817 1205 1883 emit,
1219 1815 1343 1877 S1bi
1359 1817 1604 1884 ademit,

419 1907 661 2003 Qem
648 1926 712 1968 1n
727 1903 861 1994 suQs
888 1897 1368 1991 ardentiffirnum
1398 1919 1756 1999 conceperat
1782 1923 2055 1993 amorem

1015 1985 1252 2050 Labore
1274 1987 1458 2048 fovit.
1509 1992 1513 1995 “
1685 1987 1693 1998 “’
1860 2036 1863 2037 ⁷

557 2073 695 2169 Nec
711 2075 816 2175 sibi
832 2074 1116 2195 pepercit,
1129 2091 1196 2135 ut
1210 2078 1559 2167 temporum
1575 2071 1920 2165 Infortunia

1005 2159 1158 2236 Suis
1138 2163 1482 2249 parcerent

613 2198 733 2315 Vel
761 2248 902 2313 tales
925 2262 1208 2316 amentur
1208 2244 1556 2329 Principes:
1570 2245 1861 2343 velnulli

658 2337 662 2341 ’
797 2324 949 2403 Haec
965 2333 1047 2412 'est
1064 2353 1206 2401 vera
1222 2330 1357 2393 Idea
1376 2317 1695 2413 Principis,

553 2424 712 2505 Qui
733 2418 933 2483 totuin
952 2440 1222 2481 amorem
1240 2417 1385 2480 Sui
1365 2442 1394 2479 a
1415 2417 1465 2479 se
1481 2419 1914 2500 expedioravit,

669 2506 841 2571 Utin
840 2480 1428 2590 l³opu11320mmoda
1445 2504 1800 2565 refunderet.

560 2594 805 2706 Qidni
832 2602 957 2689 jam
979 2590 1101 2665 fine
1127 2612 1330 2682 amore
1360 2575 1654 2673 Principis
1677 2590 1908 2670 1)εᾶωὲ

995 2667 1147 2751 Hoc
1175 2667 1250 2738 ne
1238 2662 1488 2748 credas,

922 2743 1222 2826 Amorem
1241 2762 1348 2825 Sui
1375 2763 1560 2825 exuit.

420 2855 642 2940 Qia
610 2849 850 2916 Amor
838 2871 907 2945 in
917 2827 1112 2915 Suos
1098 2849 1296 2915 to'tum
1321 2852 1442 2942 jam
1423 2846 2049 2994 pediusimpllfxlrerat,

1849 2955 1878 2994 e
1897 2951 1965 2994 ix
