2231 3522
383 258 476 297 132

604 364 748 429 Hoc
775 359 983 442 Lydio
1017 347 1497 440 probatissimum
1517 356 1762 417 Aurum

847 443 1225 525 Principibus
1244 441 1512 520 prodere,

473 537 564 608 Vt
576 557 703 620 quo
722 533 1069 595 ditescerent
1097 529 1160 588 in
1177 546 1361 605 regno
1376 525 1867 599 li'iimortalitatis,

733 619 796 682 Si
812 618 1039 678 vellent
1053 614 1293 676 imitari,
1308 612 1611 673 haberent.

355 710 732 777 Meritorum
748 702 1152 766 acervatione,
1171 718 1321 758 verae
1348 698 1744 761 cumulantur
1768 700 1993 768 divitia:

938 785 1093 849 Non
1122 787 1408 866 periturae.

519 881 594 945 In
609 875 960 956 pedagogio
975 869 1203 934 Christi
1221 867 1490 951 apprime
1509 869 1826 932 instrudlus

777 953 1248 1024 Patientiffimus
1275 954 1560 1035 Princeps

473 1053 779 1118 Omne,ae
794 1046 1181 1129 perarduum,
1196 1043 1370 1124 quod
1389 1043 1474 1102 illi
1490 1042 1883 1119 obijciebatur

749 1131 1157 1195 Cruciatuum
1178 1146 1631 1208 argumentum,

302 1238 323 1249 ²
358 1223 521 1287 Tam
539 1219 714 1284 facile
730 1219 1001 1286 solvit,ae
1015 1218 1056 1278 fi
1074 1216 1309 1276 nullam
1325 1210 1610 1275 intulisset
1625 1205 2001 1282 difficultate.

471 1307 837 1370 Ceciderant
853 1307 916 1365 in
934 1307 1159 1364 bonam
1179 1318 1394 1361 terram
1408 1301 1637 1359 virtutis
1654 1297 1878 1361 semina
1896 1346 1915 1369 ,

442 1393 831 1460 Vberrimam
849 1391 1159 1452 frueiuum
1175 1383 1420 1446 meffem
1436 1385 1636 1450 statim
1652 1383 1950 1450 dederunt

1002 1479 1063 1538 ln
1086 1478 1373 1539 Patientia,

473 1563 836 1631 Loricatum
863 1573 1145 1623 animum
1160 1557 1492 1624 doloribus,
1513 1576 1582 1616 ac
1598 1557 1901 1636 molestijs,

730 1648 974 1730 Quibus
991 1644 1386 1707 divexabatur
1408 1662 1648 1726 corpus,

1010 1731 1356 1795 Obiecerat,

722 1817 1041 1898 Torquere
1070 1832 1272 1876 eutem
1291 1830 1642 1895 potuerunt,

681 1901 1033 1983 Nunquam
1081 1901 1378 1960 animum·
1397 1918 1680 1978 pungere.

414 1986 806 2071 Neunquam
824 1988 910 2049 illi
927 1984 1244 2048 defuissent
1256 1982 1598 2045 occasiones
1612 1986 1987 2062 meritorum,

582 2075 991 2138 Excitatorem
1021 2072 1316 2154 patientiae
1332 2070 1534 2132 seeum
1551 2074 1813 2136 eontulit

375 2158 771 2246 Conceptum
788 2158 1197 2239 morbum,qui
1214 2159 1277 2216 in
1294 2156 1415 2217 dies
1432 2154 1547 2216 sem
1557 2149 2008 2242 perintumuit,

651 2244 896 2309 ·Donee
924 2244 1097 2306 fibras
1127 2241 1515 2323 disrumperet
1541 2243 1696 2307 vitae.

762 2329 908 2394 Hoc
938 2331 1153 2392 morbo
1173 2329 1471 2392 monitore
1487 2326 1622 2389 usus

639 2450 643 2454 ·
692 2417 866 2479 Aluit
892 2417 1268 2478 mortalitatis
1306 2417 1660 2477 memoriam
1687 2461 1705 2483 ‚

714 2504 863 2586 Qua
891 2504 1041 2563 bene
1062 2501 1249 2568 mori,
1278 2499 1354 2561 ita
1380 2500 1685 2568 didicerat,

502 2590 596 2657 Ut
612 2609 789 2670 poena
806 2588 911 2671 ipsi
929 2609 1056 2649 non
1074 2589 1252 2650 fuerit
1269 2585 1340 2649 M
1353 2589 1490 2648 ortis
1507 2584 1653 2650 Fata
1669 2586 1880 2658 subire4

507 2674 832 2741 Catenatas
858 2674 1148 2735 dolorum
1166 2673 1328 2735 series
1344 2672 1596 2734 affuetus
1613 2674 1792 2736 tolera
1801 2695 1880 2741 re,

777 2758 1204 2821 Inconeuffam
1222 2758 1602 2825 Patientiam,
1648 2763 1652 2765 ’

753 2847 967 2926 Quam
980 2867 1092 2913 nec
1120 2847 1355 2912 dolores
1384 2847 1669 2929 frangere,

1785 2923 1921 2992 Nee
