2154 3517
1652 239 1684 290 ⁸3
1697 239 1720 283 3

347 343 641 427 Squalore
656 339 879 404 obsitus
895 383 913 408 ,
931 357 1188 403 moerore
1203 341 1571 429 compressus

655 426 754 492 Lu
760 443 898 508 geto
916 425 1180 509 quisquis
1196 449 1270 493 ες.

390 517 495 582 En
513 516 802 600 :inopino
819 511 971 576 Fato
1007 521 1152 593 jacet
1189 516 1482 584 extinctus
1504 565 1526 594 ‚

772 598 903 681 Qi
921 598 1093 663 Stans

337 686 593 771 Ubique
606 686 936 748 Terrarum
956 682 1212 751 Famam
1226 691 1597 762 accenderat.

414 767 751 844 Nitidiffim
759 789 827 830 us
844 767 1198 855 Principum
1214 774 1518 861 Splendor

583 856 634 919 F
636 857 815 918 erales
843 855 989 917 abiit
1010 856 1076 917 in
1092 862 1332 925 umbras

543 941 1036 1005 Ineluctabilium
1055 940 1372 1012 Manium.

453 1025 786 1093 Christiani
805 1024 988 1090 Orbis
1006 1025 1466 1099 Ornamentum

683 1114 863 1178 Mors
885 1133 1240 1196 praematura

525 1201 656 1265 Suo
676 1200 1103 1263 devenustavit
1128 1203 1389 1283 pallore,

707 1286 990 1348 Obduxit
1005 1289 1201 1369 peplo,

556 1373 689 1454 Qi
708 1391 867 1436 totus
885 1392 1091 1434 amore
1118 1374 1357 1437 virtutis

802 1455 1112 1521 Exarserat

583 1540 988 1604 Exilesdefiiit
1004 1545 1067 1605 in
1084 1545 1325 1607 cinereS.

377 1631 535 1713 Qae
551 1623 787 1690 circum
810 1629 975 1691 doloris
988 1631 1153 1693 legum
1167 1652 1525 1702 ornamenta

847 1712 1035 1775 Vides
1052 1733 1071 1785 3

589 1796 790 1864 Nobis
806 1799 1058 1881 abreptae
1072 1799 1329 1864 Virtutis

539 1884 891 1968 Superstites
921 1884 1058 1947 sunt
1081 1889 1316 1950 exuviae
1342 1932 1363 1958 ‚

499 1973 672 2054 Qas
697 1965 1108 2033 Pientiffimus
1135 1970 1422 2057 Princeps

418 2055 800 2137 Lugentibus
826 2056 1205 2120 concredidit
1219 2057 1494 2131 PraeficiS.

483 2142 585 2208 Ne
616 2143 1011 2206 incitamenta
1037 2144 1142 2206 tibi
1172 2144 1432 2213 deeffent

805 2228 1065 2293 Pietatis,

511 2318 727 2399 Qam
744 2312 891 2377 cum
906 2317 970 2377 in
986 2316 1147 2379 terris
1165 2319 1401 2385 viveret

545 2405 674 2465 Ore
694 2400 1118 2470 docuit,M0re
1133 2407 1343 2470 coluit.

471 2485 761 2551 Nudatus
789 2489 937 2550 ensis
966 2488 1173 2551 ansam
1200 2494 1452 2577 porrigit

691 2573 937 2638 Bellum
954 2575 1209 2638 ineundi

434 2657 510 2725 In
522 2660 785 2741 turgidas
799 2662 1090 2724 vitiorum
1105 2664 1455 2746 phalanges,

495 2746 701 2814 Aurea
715 2790 731 2814 ,
750 2768 881 2828 quae
894 2748 1158 2831 pendent
1173 2752 1431 2816 calcaria

556 2833 659 2900 Ad
673 2833 989 2900 victoriam
1005 2834 1336 2902 stimulant.

1128 2944 1162 2985 c
1207 2937 1244 2988 2
1528 2931 1691 3009 septi·
