2231 3522
1663 211 1757 256 149

747 315 968 379 Annos
984 313 1205 399 septem
1221 339 1238 386 ,-

459 407 704 488 Quibus
719 404 977 466 totidem
996 401 1280 485 opposuit
1299 402 1527 469 labores

676 489 963 572 Princeps
994 489 1294 552 Pacificus
1313 534 1330 557 ,

374 577 466 645 Ut
481 578 729 643 tandem
749 576 1122 661 quiescerent
1139 577 1387 638 lethales
1404 597 1625 646 motus

767 663 1017 726 Sedavit
1040 662 1236 731 Mars,

436 754 617 836 Qos
634 749 862 833 ubique
882 750 1166 812 locorum
1184 749 1553 815 excitaverat

489 841 830 902 Armorum
848 836 1150 902 fluetus&
1166 838 1459 918 procellas
1475 880 1494 905 ,

592 923 674 986 Et
687 923 820 1008 post
836 939 1112 984 cruentas
1129 923 1367 1004 pluvias
1383 967 1401 991 ,

378 1014 539 1093 Quae
556 1030 733 1075 terras
750 1009 1006 1093 repetitis
1027 1009 1338 1071 foedarunt
1364 1010 1631 1076 necibus,

395 1100 600 1160 llluxit
618 1096 869 1159 tandem
886 1096 1074 1157 liliata
1092 1094 1263 1156 Pacis
1278 1094 1554 1158 serenitas
1570 1142 1588 1165 ,

307 1184 470 1267 Qae
500 1200 820 1249 moerentes
849 1182 1089 1244 animos
1118 1225 1136 1250 2
1171 1183 1442 1263 lugentes
1471 1184 1686 1247 oculos

796 1267 1208 1337 Exhilaravit,

625 1352 788 1419 Non
803 1354 882 1419 ita
900 1357 1138 1438 quievit
1161 1355 1340 1418 Mors
1357 1400 1375 1424 ,

391 1446 552 1527 Qae
568 1446 808 1526 propria
825 1443 1053 1503 damna
1071 1463 1141 1503 ex
1172 1445 1397 1503 {ancira
1412 1440 1592 1512 Pace3

640 1529 743 1591 Ne
771 1531 967 1590 inulta
985 1528 1311 1590 dimitteret
1325 1573 1341 1595 2

440 1614 616 1677 Pacis
634 1614 835 1698 ipsum
856 1612 1222 1676 Assertorem
1238 1614 1535 1676 eximium

411 1700 631 1765 Unico
661 1701 1042 1762 clandestino
1083 1702 1391 1762 interemit
1430 1701 1574 1770 ictu*

326 1783 412 1852 At
436 1791 542 1871 qui
558 1788 829 1850 Martem
850 1786 992 1848 licet
1019 1785 1142 1847 sine
1166 1806 1371 1869 pugna
1393 1790 1653 1856 vicerat,

504 1873 659 1937 Non
677 1873 879 1934 credas
903 1871 1181 1934 Mortem
1199 1870 1478 1934 timuisse.

301 1959 480 2025 Licet
497 1963 570 2022 ab
586 1958 706 2042 ipsa
727 1958 903 2020 caesus
917 2002 935 2026 2
960 1978 1092 2019 non
1109 1975 1315 2021 tamen
1332 1957 1438 2040 ipsi
1455 1953 1654 2030 cellit,

303 2067 308 2073 ·
497 2049 632 2131 Qi
654 2046 884 2108 Viribus
903 2046 1277 2112 fractus2non
1295 2046 1509 2106 animo

804 2129 957 2193 Fato
979 2132 1178 2198 cedit,

459 2216 685 2280 Fatum
703 2219 1002 2280 nobiliore
1019 2215 1106 2278 sui
1125 2233 1287 2299 parte
1300 2221 1363 2279 vi
1371 2219 1514 2282 neit.

432 2306 521 2369 Ita
538 2306 698 2367 mori
714 2305 847 2388 post
864 2304 1068 2364 datam
1085 2303 1243 2364 Orbi
1260 2309 1550 2385 quietem,

764 2388 919 2453 Non
937 2390 1018 2451 est
1035 2391 1191 2451 mori
1207 2435 1226 2458 ,

576 2476 695 2539 Sed
711 2478 953 2539 meliori
968 2477 1109 2538 vitae
1133 2478 1431 2539 foenerari.

274 2560 430 2628 Non
443 2562 704 2646 perdidit
723 2563 899 2625 Mors
915 2561 1120 2626 Ultrix
1139 2563 1311 2625 Pacis
1331 2561 1715 2627 Affertorenn

569 2649 688 2710 Sed
717 2651 942 2731 peperit
956 2651 1413 2714 immortalitati.

650 2735 966 2818 Vitae2quae
983 2753 1108 2799 tota
1129 2739 1326 2799 fuerat

387 2817 756 2886 Paraenetica
772 2822 1024 2887 summis
1041 2824 1367 2889 virtutibus
1382 2821 1578 2884 oratio

1603 2902 1744 2972 Effe
