2231 3522
427 160 547 210 >120

721 267 858 331 Viri
878 268 1076 335 fortes,
1097 265 1203 347 qui
1219 267 1374 328 nulli
1392 267 1642 337 cedunt,

425 356 565 424 Nec
580 358 912 502 fleetunssni
924 354 1156 502 [glandis
1160 355 1678 502 ‚Eeffifganffimtur
1692 356 1946 424 finistiis.
1974 430 1977 431 ⁷

790 519 1148 607 Principum
1167 515 1597 598 Forflffimm,

579 613 751 696 Quia
766 613 1226 675 adamantinam
1243 632 1274 672 a
1281 612 1435 672 nimi
1451 612 1804 680 firmitatem

684 700 831 766 Reci
837 714 1140 782 procantis
1158 696 1205 758 F
1209 715 1441 759 ortunae
1460 698 1698 762 ausibus
1733 759 1735 761 ,

897 785 1148 867 Semper
1163 786 1477 846 obiecerat

818 874 979 955 Qlae
1007 870 1252 933 adversa
1270 872 1580 951 contigere

455 953 616 1020 Exer
593 957 835 1020 citium
851 956 1142 1020 duntaxat
1160 958 1245 1018 illi
1259 960 1644 1040 praebuerunt
1662 940 1911 1063 Virtutis
1916 1001 1952 1036 ,

872 1042 1221 1127 Nunquam
1250 1046 1525 1113 exitium
1989 1070 1991 1073 ·

718 1128 808 1191 Im
817 1149 1054 1212 petente
1075 1131 1332 1212 lxegiam
1350 1129 1401 1191 V
1419 1133 1644 1192 ulcano
1661 1176 1679 1198 ,
1738 1182 1741 1185 .

558 1215 654 1279 Ac
674 1216 1143 1279 discurrentium
1160 1218 1424 1278 exercitu
1447 1218 1843 1282 flammarum

726 1302 990 1365 Pretiosa
1008 1324 1263 1384 quaeque
1282 1302 1634 1384 depascente
1652 1346 1669 1369 2

537 1388 666 1454 Ubi
681 1389 755 1450 ad
774 1388 925 1451 saeva
942 1389 1226 1450 incendia
1245 1387 1653 1470 liquescebant
1675 1384 1882 1450 Ceteri

996 1474 1067 1537 In
1089 1478 1406 1558 lacrymas

647 1558 801 1623 Risit
830 1560 947 1644 ipse
975 1563 1211 1622 loricati
1238 1562 1430 1622 animi
1457 1560 1767 1623 serenitate

676 1645 1068 1729 Praepotentis
1086 1645 1456 1728 Aggrefforis
1473 1665 1751 1715 conatus,

490 1733 759 1815 Orisque
776 1736 1075 1796 hilaritate
1093 1734 1335 1794 nubilos
1353 1733 1649 1795 serenavit
1664 1735 1902 1797 animos
1917 1778 1938 1803 2

585 1819 789 1901 Lacry
795 1820 989 1880 misve
1019 1818 1277 1900 perfusas
1294 1818 1614 1880 exsiccavit
1641 1839 1838 1899 genas,

517 1904 929 1971 Asbestinum
919 1907 1186 1965 imitatus
1203 1903 1489 1985 Princeps
1515 1903 1564 1964 F
1569 1900 1896 1969 ortiffimus

625 1989 788 2053 Inter
816 1990 1386 2052 flammasinduruit
1414 1989 1805 2072 splendidior.

683 2076 932 2141 Poterat
946 2074 1218 2138 Fortuna
1238 2076 1497 2158 Regiam
1523 2099 1601 2138 eri
1611 2099 1747 2160 pere

734 2160 1083 2244 Nunquam
1102 2165 1385 2224 animum
1405 2163 1691 2244 Regium.

699 2247 831 2311 Ubi
859 2250 1038 2312 Mors
1066 2249 1280 2311 invida
1309 2251 1540 2312 vibrata
1557 2251 1711 2311 falce

598 2332 674 2397 In
690 2334 816 2418 ipso
832 2338 1013 2399 aetatis
1030 2357 1172 2399 vere
1190 2332 1609 2399 suaviffimum
1627 2337 1840 2402 florem

1056 2420 1399 2484 Demeffuit

397 2502 955 2571 HENROETAM
1029 2507 1410 2573 MARIAM
1493 2506 2046 2576 ADELAIDEM

799 2598 846 2657 A
861 2591 1254 2658 matiffimam
1273 2592 1638 2677 Coniugem.

598 2676 843 2744 Letbali
862 2685 1007 2744 huie
1023 2682 1385 2745 adversantis
1404 2681 1687 2745 Fortunae
1704 2682 1851 2745 ictui

663 2763 846 2830 Tales
869 2771 1190 2832 obiiecerat
1206 2770 1449 2832 Amoris
1465 2769 1739 2834 flammas
1751 2813 1770 2839 ,

1784 2854 1964 2939 Qas
