2231 3522
462 206 551 237 122

378 315 1117 495 {ffiffiffiffiffir
1093 320 1230 461 l
1180 402 1250 462 ⁶
1218 308 2035 496 iffiffffiffiffi}

695 579 1229 641 ELOGIU
1287 580 1379 642 M
1474 576 1726 643 XVIII.

378 730 410 779 F
424 732 459 780 E
472 733 516 782 R
529 732 573 781 D
587 732 606 781 1
620 733 786 785 NAN
800 736 843 783 D
857 739 903 785 U
916 735 944 786 S
1002 737 1061 785 M
1077 738 1117 785 A
1136 736 1209 786 Rl
1224 738 1265 787 A
1316 733 1544 805 Princeps
1573 733 1725 784 Pient
1716 730 1926 784 mmm,
1963 723 2034 776 ita

486 809 878 863 fuitdivinarum
893 831 1056 866 rerum
1070 813 1295 865 addierus
1316 810 1867 884 contemplationibus,
1889 821 1943 857 ut
1963 803 2033 854 di-

480 891 605 943 vino
627 891 934 946 exardescens
955 914 1126 948 amore
1148 898 1275 949 visus
1306 890 1515 950 subinde
1528 895 1618 949 fit
1607 912 1662 946 in
1677 890 1916 963 lacrymas
1928 884 2034 939 col-

481 970 758 1044 liquescere.

706 1106 1668 1174 EM‘BLEMA.

371 1257 557 1329 Aquila
580 1277 640 1310 ex
660 1259 825 1311 nimio
838 1259 950 1311 aestu
974 1261 1035 1312 ad
1059 1260 1185 1313 Solis
1207 1278 1558 1334 praeconcepto
1575 1260 1819 1313 intuitum
1832 1254 2034 1326 plumas

474 1357 675 1399 exuens,
747 1339 987 1409 Aquilam
1000 1342 1245 1415 dignitate
1260 1383 1272 1403 ,
1298 1363 1354 1396 ac
1376 1343 1642 1396 nobilitate
1659 1339 1827 1392 ceteris
1839 1335 2031 1409 praeeffe

477 1420 696 1472 Aliribus
727 1420 987 1473 adstruunt
1010 1440 1268 1492 quotquot
1289 1425 1554 1495 ejus⁹dotes
1577 1421 1824 1474 recensent
1847 1440 1856 1467 :
1877 1417 2033 1488 idque

478 1501 732 1570 praesertim
748 1517 806 1549 ex
821 1500 1020 1552 volatus
1034 1501 1337 1554 sublimitate
1349 1544 1361 1562 ‚
1382 1502 1627 1555 celeritate
1640 1541 1651 1560 ,
1669 1518 1725 1551 ac
1738 1499 2032 1556 duratione,

473 1600 532 1633 ex
546 1582 671 1634 visus
684 1581 916 1632 acumine
927 1622 938 1640 ‚
955 1583 1109 1634 animi
1125 1584 1473 1656 generositate,
1493 1585 1715 1653 corporis
1729 1579 1914 1633 robore
1925 1619 1938 1639 ‚
1955 1577 2003 1633 vi
2015 1615 2030 1635 ,

474 1682 532 1715 ac
545 1663 750 1715 audacia
763 1661 1158 1732 deprehenditur.
1231 1666 1420 1719 Ceteris
1435 1664 1574 1720 volat
1587 1660 1746 1724 aldim,
1767 1658 1953 1716 adebut
1965 1661 2031 1714 ab

471 1743 695 1795 Erhnicis
711 1746 847 1810 Jovis
863 1747 1049 1798 nuncia
1063 1747 1318 1805 diceretur.
1370 1748 1485 1801 Sola
1496 1749 1623 1801 inter
1638 1751 1766 1802 Aves
1784 1752 1915 1800 recta
1932 1746 2031 1807 via,'

473 1827 642 1878 &non
654 1824 863 1897 oblique
877 1867 887 1885 ‚
912 1842 968 1878 ut
990 1845 1180 1887 ceterae,
1201 1829 1393 1881 sursum
1407 1830 1577 1887 fertur.
1646 1829 1773 1881 Solis
1793 1827 1919 1882 adeo
1944 1828 2030 1882 de-

472 1907 680 1960 lcetatur
694 1908 904 1966 intuitu,
927 1926 982 1960 ut
1003 1910 1146 1961 malit
1166 1911 1282 1962 aestu
1305 1911 1662 1966 ferventissimo
1683 1912 1906 1983 torqueri
1930 1949 1945 1967 ,
1968 1929 2028 1977 ae

476 1990 624 2047 solvi,
645 1986 802 2060 quam
815 1989 1001 2041 blando
1025 1992 1191 2044 solaris
1202 1993 1384 2063 jubaris
1402 1995 1583 2065 privari
1601 1993 1776 2047 illicio.
1810 1993 2030 2065 Symbo-

472 2073 540 2124 bc«
518 2072 654 2122 ‘ilum
691 2075 827 2123 FER
844 2076 1109 2125 DINAN
1128 2078 1207 2126 DI
1248 2078 1527 2128 MARIAE
1572 2076 1858 2147 Principum
1889 2078 2028 2128 Piens

470 2154 660 2214 rissum,
680 2155 767 2226 qui
782 2172 918 2207 torus
930 2156 981 2208 in
994 2175 1158 2209 rerum
1171 2159 1492 2229 supernarum
1505 2157 2026 2231 contemplationibus

473 2237 588 2307 pers
580 2256 615 2286 ae
619 2255 680 2306 pe
693 2236 1000 2291 solvebatur
989 2258 1040 2290 in
1054 2238 1297 2312 lacrymas
1309 2240 1455 2294 nihili
1470 2241 1654 2295 faciens
1665 2258 1825 2295 cetera
1843 2258 2025 2311 corpo-

467 2321 529 2370 ris
547 2320 910 2382 incommoda,
932 2319 1223 2375 dummodo
1248 2324 1429 2377 mentis
1457 2325 1559 2377 acie
1583 2324 1763 2381 divino
1786 2324 2022 2376 frueretur

465 2401 593 2454 Sole.

978 2519 1393 2628 Epigmphe.

778 2698 1078 2777 Solvitur
1101 2708 1260 2810 quia
1288 2703 1574 2784 Solatur.

1748 2877 1927 2940 Chri.
