2231 3522
431 183 539 222 ’ΠΩ

625 287 1006 360 Solertiffimi
1024 290 1281 354 Pastoris
1298 291 1493 352 obivit
1508 311 1756 363 munus,

766 380 1022 460 Vigilias
1041 377 1230 438 nodlis
1247 377 1581 439 custodivit
1595 421 1614 446 ,

692 467 788 530 Ut
804 468 884 527 im
894 463 1057 547 pune
1074 461 1447 543 quiescerent
1462 460 1707 546 Populi,

548 553 647 617 Eo
665 555 763 617 vel
780 570 1050 633 tempore
1068 592 1085 615 ,
1103 567 1232 628 quo
1248 568 1560 609 armorum
1577 554 1841 615 motibus

728 637 1112 701 Christianus
1129 635 1464 715 agitabatur
1480 633 1679 698 Orbis

768 725 833 787 Si
848 722 1168 804 Europam
1185 742 1329 781 cum
1348 720 1631 788 Oceano,

690 812 839 874 Arm
850 830 1028 870 orum
1046 826 1248 868 motus
1264 825 1408 868 cum
1424 806 1464 867 fl
1476 808 1707 869 noiibus
1725 853 1741 876 ,

420 900 849 983 Pugnantium
867 895 1137 976 strepitus
1155 915 1297 954 cum
1317 892 1666 956 sonantibus
1683 901 1981 977 procellis,

822 980 903 1046 Et
919 978 1093 1043 caesos
1110 1000 1255 1041 cum
1273 980 1580 1062 naufragis

1042 1066 1364 1137 ConferaS‚

377 1159 708 1227 Bavariam
742 1154 1018 1237 procellis
1048 1150 1542 1234 quaquaversum
1567 1154 2028 1239 circumseptam

714 1239 1151 1303 Inconcuffum
1172 1240 1359 1300 dicito
1375 1238 1718 1318 icopulum‚

565 1328 648 1395 Et
664 1345 733 1392 ut
746 1326 1120 1408 Symbolum
1136 1323 1407 1387 absolvas
1423 1324 1576 1385 adde
1590 1322 1850 1389 Lemma

989 1411 1218 1475 Immotus
1230 1415 1281 1473 in
1292 1428 1441 1478 motta

655 1497 827 1563 Felix
845 1498 1108 1574 Bavaria
1128 1500 1290 1558 hanc
1307 1495 1480 1558 debes
1496 1495 1753 1575 gloriam

798 1584 929 1646 Tui
945 1583 1295 1665 Vigilantiae
1315 1580 1614 1663 Principis
1630 1624 1649 1649 2

728 1670 999 1733 Tametsi
1018 1687 1216 1732 extero
1237 1670 1455 1731 vallata
1474 1668 1688 1735 milite,

687 1756 1068 1820 Incursiones
1093 1773 1299 1832 tamen
1319 1798 1336 1822 ,
1365 1775 1434 1815 ac
1452 1753 1734 1836 stationes

721 1841 1140 1924 Hybernantis
1157 1839 1429 1902 Bellonae
1445 1838 1700 1908 evasisti,

507 1927 790 2011 Qaeque
805 1923 1064 2010 poffides
1081 1926 1230 1988 Auri
1246 1969 1263 1994 ,
1280 1924 1615 2006 Argentivc
1628 1927 1902 2008 pondera

789 2012 940 2076 Ano
961 2013 1130 2074 Mars
1145 2034 1276 2075 non
1291 2011 1637 2095 asportavit,

534 2097 737 2166 Nullo
752 2101 980 2162 violata
1000 2099 1155 2160 ferro
1169 2098 1443 2180 Virginea
1458 2095 1661 2161 adhuc
1676 2102 1881 2182 prodis

992 2184 1164 2248 Pacis
1182 2184 1427 2255 foedera,

576 2273 864 2338 Cruentis
884 2266 1318 2336 Nocentissimi
1336 2270 1529 2333 saeculi
1546 2271 1850 2336 laboribus

749 2360 1094 2422 Innocuam
1110 2358 1374 2420 obiecisti
1393 2363 1674 2440 quietem.

648 2444 870 2509 Grates
891 2445 1150 2530 repende
1167 2445 1459 2507 defuncto
1476 2444 1781 2528 principi,

789 2534 922 2615 Qui
942 2533 1208 2594 moribus
1223 2532 1636 2612 integerrimus

624 2614 834 2680 Caedes
851 2665 868 2686 ,
897 2618 1306 2680 mutilationes
1335 2617 1543 2679 oderat
1571 2636 1796 2678 omnes,

598 2702 957 2766 Innocentia
986 2704 1280 2766 candidus
1297 2749 1313 2772 2
1340 2725 1544 2766 amore
1573 2702 1836 2763 candens

709 2788 923 2855 Effuso
937 2792 1137 2854 noluit
1151 2793 1443 2854 infectum
1458 2810 1669 2853 cruore
1682 2833 1701 2856 ,

1730 2874 1943 2959 Quem
