2231 3522
472 256 575 330 542

705 386 908 455 Mors,
923 383 984 447 &
1004 383 1178 447 Mars
1194 380 1250 446 se
1265 382 1489 447 mutuo
1509 386 1742 448 fovent.

551 479 715 560 Quae
733 473 931 558 nuper
949 473 1190 534 fuerant
1205 469 1327 532 sata
1343 471 1734 534 cadaveribus
1752 493 1897 536 arva

602 563 654 627 F
656 562 836 625 erales
851 555 1070 622 iterum
1086 555 1424 640 sylvescent
1439 559 1503 618 in
1520 557 1848 641 cupressus,

697 647 780 713 Et
791 647 1066 710 refricata
1083 644 1340 705 vulnera
1359 644 1540 705 audio
1556 644 1768 708 dolore

854 727 1149 796 Acerbius
1162 728 1596 792 recrudescent.

727 813 984 882 Cecidit
1009 815 1296 899 Princeps
1323 812 1745 885 Caduceaton

585 905 858 972 Publica:
886 905 1102 986 quietis
1133 903 1669 972 AffertorNindex
1684 903 1874 968 Pacis,

897 991 1075 1073 Quid
1093 990 1535 1072 expediandum
1556 993 1571 1051 ?

555 1077 692 1145 Nisi
710 1094 810 1146 ‚ut
835 1076 1123 1140 caesorum
1156 1077 1189 1138 e
1217 1077 1510 1138 cinerario
1539 1075 1912 1139 cadaverum

502 1168 679 1234 Mars
709 1163 974 1227 Phoenix
999 1164 1296 1310 insuti—[Iius
1325 1162 1586 1244 resurgat
1623 1161 1958 1236 redivivus,

1216 1251 1331 1310 eu!

537 1339 674 1422 Qii
691 1336 1119 1406 debacchantis
1136 1333 1409 1397 Bellona:
1425 1335 1581 1396 faces
1601 1334 1937 1397 extinxerat
1956 1377 1976 1404 ,

712 1422 941 1486 Mortis
968 1423 1108 1503 gelu
1131 1418 1456 1484 momento
1472 1422 1759 1503 obriguit.

663 1510 1055 1593 Septennales
1071 1508 1450 1591 impenderat
1465 1509 1481 1568 i
1487 1516 1583 1590 ple
1599 1510 1830 1570 labores

537 1594 612 1660 In
627 1595 1074 1680 componendis
1091 1589 1423 1657 diffidentis
1440 1592 1704 1677 Europae
1715 1593 1938 1675 jurgiis,

492 1680 660 1750 Tam
689 1683 952 1747 arduum
995 1703 1148 1765 opus
1190 1682 1528 1744 minoribus
1557 1683 1663 1744 vix
1692 1678 1978 1764 potuiffet

929 1767 1270 1830 conatibus
1288 1767 1542 1835 absolvi*

552 1857 784 1925 Bellica
804 1853 1035 1936 ubique
1052 1856 1340 1913 locorum
1363 1854 1617 1914 excitata
1633 1851 1921 1917 incendia

733 1940 946 2006 Unius
988 1938 1333 2001 desudantis
1362 1939 1509 2001 anni
1538 1939 1730 2000 imber

796 2067 799 2071 -
847 2025 1006 2087 Non
1019 2027 1213 2088 valuit
1227 2026 1592 2105 extinguere.

663 2107 872 2176 Facile
909 2106 1271 2191 praefocatur
1296 2129 1627 2194 conceptus
1656 2108 1811 2195 ignis

813 2194 877 2258 Si
894 2194 1009 2257 suis
1037 2194 1240 2257 ardeat
1254 2195 1319 2256 in
1334 2199 1678 2264 cunabulis,

673 2280 954 2346 Annosas
970 2281 1016 2362 fi
1029 2280 1208 2344 semel
1221 2280 1532 2365 depaverit
1547 2281 1749 2365 sylvas
1762 2326 1782 2350 ,

620 2370 747 2434 Vix
789 2367 1061 2453 impenso
1109 2364 1299 2451 potest
1335 2370 1519 2431 arceri
1561 2386 1809 2447 conatu.

587 2453 886 2524 Diutinis‚
902 2477 1035 2538 quat
1050 2454 1187 2518 sunt
1206 2457 1464 2518 enutrita
1483 2456 1635 2518 odiis
1650 2449 1888 2518 diffidia

750 2542 997 2606 Lerneae
1012 2544 1145 2604 ferae
1163 2542 1481 2604 imitantur
1502 2544 1720 2625 capita,

498 2629 625 2695 Vix
652 2651 851 2694 unum
882 2628 1173 2692 rescindes
1191 2672 1209 2696 ,
1235 2630 1387 2711 quin
1415 2630 1585 2691 aliud
1622 2629 1972 2708 repullulet,

683 2715 820 2780 Nisi
850 2715 1163 2778 Herculeo
1178 2713 1554 2778 cinerescunt
1570 2717 1786 2777 labore.

655 2801 731 2865 In
758 2819 953 2865 totam
996 2803 1118 2865 fere
1157 2801 1460 2885 irrepserat
1485 2801 1801 2882 Europam

630 2886 925 2955 Immanis
980 2893 1111 2956 haec
1173 2884 1559 2954 diffidiorurn
1616 2883 1913 3034 HydraL

732 2991 736 2995 .
1917 2990 1973 3031 ε.
