2154 3517
547 249 570 287 3

480 345 720 401 Maximo
744 362 851 397 non
874 341 1002 396 foret
1017 355 1108 413 pro
1132 337 1304 393 delatae
1328 339 1550 394 'vietoriae
1572 338 1754 392 faenore
1776 339 1946 409 repen]

477 418 670 470 denda?
693 417 820 479 Quis
835 413 1049 467 eflraenes
1063 428 1291 483 quosque
1303 405 1416 465 turn
1428 413 1823 482 concupiscentiS‚
1835 406 1948 461 tum

481 489 724 542 irascentis
736 488 891 540 animi
903 501 1073 538 motus
1086 484 1420 553 compescuit?
1434 489 1521 534 FE
1532 488 1748 535 RDINA
1757 488 1806 535 N
1816 490 1857 534 D
1868 487 1909 532 ll
1920 486 1956 529 S

485 568 547 611 M
557 567 597 610 A
607 568 642 609 R
655 564 745 612 IA.
811 559 938 622 Quis
962 554 1165 627 Reginae
1186 553 1461 623 perduelles
1489 556 1695 608 Rationi
1724 552 1952 607 cohibuit

489 634 748 703 appetitus,
759 630 1013 682 cohibitos
1026 624 1283 682 cicuravit,
1304 623 1489 677 cicures
1506 625 1567 677 ad
1591 631 1727 678 reCrae
1749 626 1954 678 rationis

491 720 645 755 nutus
669 703 857 754 inflexit
881 708 894 751 ἓ
924 696 1251 751 Ferdinandus
1273 696 1435 747 Maria
1456 716 1466 744 ε
1491 697 1954 770 ipseest,quijurgia

491 794 703 847 quaeque
731 775 858 826 inter
879 769 1154 821 diffidentes
1175 767 1332 819 animi
1361 783 1531 818 motus
1555 767 1734 820 sedavit
1754 807 1767 828 ,
1803 770 1955 822 mala-

492 854 722 917 ciamque
742 842 999 895 constituit
1018 839 1163 892 nullo
1184 837 1416 891 seditioso
1444 836 1766 908 quaflandam
1789 838 1957 908 depra-

495 919 595 973 vati
616 915 856 986 appetitus
869 912 1080 965 turbine.
1151 910 1434 962 Hominem
1448 904 1593 980 plane
1611 909 1837 961 Stoicum
1851 930 1866 967 3
1880 908 1959 962 vel

494 986 665 1060 potius
688 984 940 1058 Angelum
964 982 1191 1035 humano
1215 982 1446 1035 vestitum
1479 999 1686 1052 corpore
1708 979 1741 1031 s1
1764 980 1963 1041 thirem,

494 1078 602 1113 non
624 1075 846 1110 erravero
867 1077 877 1105 2
902 1056 1060 1124 ipsum
1085 1055 1220 1106 enim
1232 1048 1370 1124 supra
1385 1052 1658 1104 humanam
1674 1051 1864 1105 factum
1878 1071 1966 1104 na-

495 1148 657 1184 turam
672 1132 915 1200 nusquam
930 1126 1126 1196 pellices
1139 1125 1408 1195 voluptati]
1425 1123 1659 1176 illecebrae
1678 1122 1969 1182 allexerunt,-

498 1201 773 1258 titillarunts
789 1200 1030 1270 nusquam
1050 1196 1232 1248 blanda
1244 1195 1478 1248 deliciart'l
1498 1194 1746 1247 lenocinia
1761 1194 1968 1267 illaque-

496 1274 903 1342 arunt3nusquam
921 1268 1209 1335 validissime
1224 1268 1448 1320 vanitatt‘i
1462 1265 1747 1320 obsidiones
1761 1267 1966 1318 demen-

496 1342 1018 1398 tarunt1sedsummarfi
1034 1342 1276 1392 virtutum
1289 1339 1512 1392 addictus
1524 1337 1716 1405 culture
1732 1340 1967 1409 pietatem

498 1416 663 1489 posuit
685 1434 703 1465 t
715 1431 980 1465 ceterarum
992 1411 1335 1482 Tyrocinium.
1366 1413 1641 1480 Quotquot
1653 1428 1735 1480 per
1747 1411 1865 1462 anni
1881 1412 1970 1462 cir·-

502 1486 676 1541 culum
691 1491 708 1537 ἓ
721 1485 931 1537 ervatori
947 1482 1158 1540 Christo,
1171 1480 1249 1535 vel
1263 1482 1365 1552 ejus
1385 1480 1583 1552 Virgini
1598 1484 1752 1534 Matri
1767 1520 1779 1540 ‚
1801 1480 1972 1534 aliisve

504 1578 565 1612 ex
612 1557 831 1628 r-aecipuis
844 1554 1102 1607 Caelitibus
1114 1555 1250 1605 lacrae
1264 1551 1542 1606 voluuntur
1553 1553 1656 1604 dies
1669 1551 1974 1605 exhomolo-

506 1578 631 1704 gegs
660 1627 795 1700 prius
829 1630 1149 1680 Sacramento
1178 1639 1447 1696 expurga-ta
1476 1622 1538 1675 ab
1569 1624 1713 1676 omni
1739 1622 1973 1676 labeculae

508 1701 688 1755 umbra
701 1702 751 1752 in
765 1697 1036 1771 pervigiliis
1060 1696 1359 1749 conscientia
1384 1698 1538 1747 animi
1553 1696 1876 1768 integerrimo
1887 1714 1975 1748 co-

508 1773 604 1827 luit
616 1771 1071 1829 candore,imitatus
1084 1768 1137 1820 in
1149 1768 1283 1821 terris
1297 1785 1502 1819 morum
1526 1769 1829 1827 innocentia,
1848 1785 1977 1840 quos

509 1843 701 1897 coelum
715 1857 892 1893 aeterna
903 1856 1159 1893 veneratur
1172 1839 1403 1891 beatitate
1415 1838 1632 1891 donatos
1654 1859 1664 1888 :
1683 1838 1740 1890 ad
1755 1839 1977 1912 Angelo-

512 1934 626 1970 rum
651 1912 819 1985 epulas
842 1911 1023 1964 coelesti
1038 1910 1326 1963 reficiendus
1346 1910 1586 1963 suavitate
1604 1929 1660 1962 ea
1679 1910 1794 1962 dein
1812 1910 1883 1962 siti
1903 1922 1978 1963 'ra-

513 1976 1057 2059 piebatur‚ut1ubinde
1078 1984 1130 2035 in
1153 1981 1394 2053 lacrymas
1414 1981 1781 2054 colliquesceret
1800 2002 1808 2030 :
1830 1983 1982 2035 nimi-

513 2063 625 2112 rum
639 2056 908 2109 oculorum
930 2053 1121 2106 humor
1132 2053 1371 2105 debuerat
1382 2053 1444 2105 ad
1459 2052 1700 2107 ferventes
1711 2053 1881 2107 Divini
1893 2056 1983 2117 So-,

513 2130 569 2182 lis
581 2129 741 2182 radios
754 2126 982 2198 depluere
1000 2148 1013 2184 5
1042 2127 1094 2177 &
1105 2131 1135 2178 R
1145 2144 1202 2176 os
1221 2123 1302 2176 ille
1314 2124 1605 2176 Serenisfimi
1619 2125 1811 2177 verticis
1822 2125 1983 2178 ascen-

517 2201 666 2254 dente
689 2198 787 2252 sole
811 2198 1047 2250 decidere.
1118 2193 1296 2266 Neque
1318 2209 1486 2247 tamen
1499 2196 1701 2250 Divinis
1721 2195 1982 2269 fartusipse

520 2272 710 2325 deliciis
725 2270 846 2323 alios
867 2267 1266 2342 permisitiildtm
1281 2266 1457 2320 diebus
1474 2267 1590 2341 angi
1614 2267 1814 2319 miseriis
1840 2289 1850 2317 ε
1869 2288 1985 2341 pro-

519 2344 634 2397 fufis
647 2344 784 2396 enim
797 2342 900 2394 auri
926 2382 938 2402 ‚
961 2341 1215 2414 argentive
1242 2338 1546 2410 ponderibus
1568 2340 1739 2410 inopia
1759 2338 1984 2393 laboran-

515 2417 651 2469 tium
663 2415 831 2486 copias
843 2413 1075 2466 recreavit
1092 2432 1101 2459 :
1124 2414 1176 2464 &
1198 2410 1448 2464 immolati
1463 2411 1701 2464 Numinis
1718 2408 1901 2464 centies
1914 2432 1985 2465 re.

523 2487 688 2559 petitis
709 2483 950 2538 sacrificiis
967 2488 1179 2556 integras
1199 2480 1520 2554 purgantium
1548 2483 1827 2534 animarum
1850 2483 1984 2536 rede-

522 2558 617 2612 mit
636 2557 874 2631 legiones,
948 2558 1061 2607 Haec
1084 2554 1214 2606 fuere
1242 2553 1525 2625 prentissimi
1546 2553 1779 2622 Principis
1803 2554 1984 2609 studia:

521 2630 625 2683 haec
647 2630 845 2700 majoris
871 2627 1123 2679 momenti
1147 2625 1348 2697 negotia
1371 2646 1380 2675 :
1414 2624 1518 2678 haec
1539 2626 1733 2676 summa
1751 2642 1985 2681 curarum

518 2701 725 2773 fastigia,
736 2703 847 2752 Deo
860 2716 935 2758 e0‚
948 2716 1054 2769 quo
1065 2697 1217 2769 posset
1230 2696 1516 2749 ferventiori
1528 2693 1765 2748 adhaerere
1777 2697 1957 2752 aflectu
1971 2721 1985 2750 τ

521 2772 792 2827 coelitibus
814 2769 1009 2823 cultum
1038 2809 1051 2829 ‚
1083 2786 1235 2842 quern
1265 2768 1420 2839 posset
1452 2767 1695 2836 majorem
1723 2768 1984 2823 exhibere:

522 2845 764 2899 Proximo
775 2845 845 2904 ea,
855 2842 950 2913 qua
959 2841 1111 2913 poffet
1126 2840 1363 2894 charitate
1372 2836 1608 2912 prodesse.
1654 2842 1985 2912 integerrimis

1814 2916 1912 2983 ipse
