2154 3517
1469 264 1493 298 ,Ι
1513 259 1542 296 1'

140 370 224 408 ma
250 354 424 424 quavis
453 352 759 423 pretiosiores
781 354 834 405 in
859 353 1099 423 praediviti
1116 353 1391 409 obduxerat
1402 356 1608 412 scriniot'

141 422 252 478 vere
273 425 439 476 hlium
467 428 592 477 inter
612 425 769 495 spinas
789 465 801 485 ‚
822 424 942 477 cum
970 426 1191 478 aculeata
1216 428 1342 480 inter
1354 446 1609 481 tormenta

139 498 357 568 virginea.
370 496 598 549 membra
613 498 912 550 versarentur
933 519 943 547 :
984 497 1170 552 Lilium
1183 500 1406 569 puritatis
1417 503 1612 574 sangui7

137 587 252 620 neas
273 570 422 620 etiam
447 569 834 621 rubuitinrosaS.
876 573 1000 622 Non
1013 571 1118 623 satis
1141 571 1297 625 fuerat
1320 573 1609 643 Principum

138 641 369 692 Maxime
381 642 556 693 terreni
573 642 727 693 Princi
737 659 876 711 patus
891 642 1102 695 rubuisse
1115 642 1397 715 chlamyde,
1410 644 1610 697 voluisti

137 714 324 764 cruoris
350 730 622 783 purpuram
651 713 855 781 adijcere
887 731 897 759 ε
924 708 1166 767 nimirum
1199 733 1470 787 utrumque
1497 735 1612 787 pro-

136 786 343 836 meritus
373 803 587 856 regnum
617 782 974 853 temporarium
996 823 1008 842 ‚
1029 803 1268 840 aeternum
1304 787 1493 857 duplici
1529 788 1612 838 des

136 856 310 912 bueras
341 874 555 926 purpura
575 852 915 922 splendescere.
990 858 1118 907 Non
1137 876 1308 911 tamen
1329 858 1397 911 itit
1427 862 1480 912 in
1503 862 1615 911 inti·

138 927 384 980 mioribus
409 925 545 978 Aulae
564 924 818 977 recessibus
842 919 1080 978 delituere
1095 927 1305 1000 insignia
1326 932 1520 1000 pietatis
1533 950 1617 984 ex«

138 998 328 1069 empla‚
350 994 478 1069 quin
502 1001 632 1049 extra
647 998 859 1070 Regiam
874 997 918 1049 se
929 998 1222 1069 prodierint.
1296 1005 1412 1052 Mos
1434 1002 1617 1054 estlau-

138 1069 406 1128 datiffimus
431 1068 694 1140 Monachij
720 1087 849 1141 quot
875 1073 1016 1121 annis
1038 1071 1231 1143 rigente
1248 1066 1415 1123 adhuc
1438 1075 1617 1127 bruma

136 1160 224 1212 per
247 1140 578 1213 quadraginta
603 1140 843 1194 horarum
881 1143 1138 1195 intervalla
1175 1143 1227 1195 in
1255 1143 1448 1214 templo
1476 1147 1618 1198 Divo

135 1218 282 1266 Petro
298 1229 592 1283 nuncupato
612 1212 826 1284 publicis
847 1213 1072 1284 precibus
1099 1214 1340 1268 Numinis
1364 1216 1618 1270 Divinita—

135 1302 242 1338 tem
254 1284 341 1337 sub
355 1283 605 1355 speciebus
620 1287 834 1338 venerari
859 1286 1200 1339 Eucharisticis
1220 1307 1229 1337 :
1252 1282 1373 1339 illuc
1390 1289 1616 1359 Princeps

137 1359 255 1412 Deo
274 1356 444 1428 plenus
466 1357 690 1409 mediam
712 1359 801 1410 sub
817 1362 1021 1410 noctem
1035 1361 1268 1432 -negledta
1295 1361 1509 1412 amictus
1534 1379 1619 1431 pe·-

138 1429 485 1488 nula,obviam
497 1430 874 1482 occurrentibus
894 1429 1020 1500 pene
1036 1432 1240 1503 ignotus
1269 1432 1313 1482 se
1335 1432 1481 1483 nudis
1505 1431 1617 1484 sub-

137 1500 255 1554 mde
268 1500 477 1572 pedibus
494 1499 714 1552 contulit
726 1540 738 1560 ‚
759 1501 905 1571 seque
925 1504 1082 1553 consti
1089 1504 1213 1572 patis
1231 1503 1514 1556 immiscens
1526 1512 1621 1576 poa'

138 1572 380 1645 pulorum
415 1572 704 1642 frequentiis
727 1573 927 1624 nudum
959 1570 1100 1644 suprh
1132 1572 1353 1645 lapidem
1377 1575 1431 1627 in
1454 1594 1621 1649 genua

140 1644 440 1716 provolutus
455 1645 508 1695 in
522 1645 690 1695 Deum
705 1645 862 1697 animi
878 1643 1183 1697 collectione
1196 1643 1322 1698 adeo
1347 1646 1623 1719 abripieba-

138 1734 244 1777 tur,
269 1732 322 1768 ut
343 1714 403 1767 ad
426 1715 572 1767 horas
593 1716 810 1790 integras
835 1716 1007 1770 effusas
1031 1717 1386 1788 colliquescens
1409 1721 1459 1771 in
1483 1722 1624 1773 lacri24

138 1806 245 1843 mas
256 1787 466 1842 Divinas
490 1805 653 1859 preces
666 1789 972 1858 protraheret
998 1810 1008 1838 :
1030 1793 1144 1840 Deo
1165 1790 1385 1860 apprime
1409 1791 1625 1864 aggluti-¹

137 1876 283 1914 natus
304 1860 531 1931 Princeps
551 1859 613 1912 ab
642 1861 743 1930 ejus
779 1859 1053 1912 difficilime
1088 1860 1431 1933 sejungebatur
1462 1863 1624 1915 collo-

139 1934 286 2004 quiis
361 1935 533 1984 Nemo
544 1931 636 1990 est,
656 1933 743 2003 qui
757 1933 977 2004 ignoret,
1001 1927 1159 2004 qu‘am
1183 1933 1346 1985 sanCt'e
1374 1935 1621 2008 integram

142 2005 254 2059 vitae
287 2003 551 2075 periodum
576 2002 759 2056 obierit
779 2043 790 2063 ,
819 2022 875 2055 ac
904 2003 1162 2073 probitatis
1190 2004 1401 2058 coluerit
1424 2008 1617 2059 institu-

141 2092 254 2130 tum
272 2096 281 2124 :
297 2076 408 2147 quis
422 2073 639 2127 exactius
658 2073 876 2127 Ecclesrae
889 2076 1010 2128 ritus
1025 2094 1205 2127 omnes
1227 2077 1278 2128 in
1294 2078 1494 2130 Divinis
1515 2086 1618 2146 per⁴²¹

142 2146 347 2221 agendis
358 2146 667 2218 juffitservari
705 2153 719 2198 ἒ
758 2148 887 2213 Quis
920 2142 1191 2200 solemnius
1220 2148 1425 2222 singulis
1446 2150 1620 2203 diebus

141 2220 270 2273 festis
299 2221 487 2274 Divina
509 2220 699 2271 curavit
732 2219 942 2290 persolvi
961 2218 1130 2272 officia
1150 2221 1212 2272 ad
1233 2219 1619 2292 elegantiffimos

143 2290 350 2344 musices
374 2307 649 2344 concentus
671 2296 684 2341 ?
724 2292 852 2362 Qs
876 2291 1177 2363 frequentius
1203 2292 1342 2344 sacris
1363 2294 1615 2348 interfuit?

144 2364 275 2436 Qis
298 2363 350 2415 in
376 2363 714 2416 concionibus
739 2363 999 2415 audiendis
1027 2365 1190 2437 magis
1217 2364 1425 2418 affiduus
1453 2372 1466 2417 ?
1490 2367 1621 2432 Quis

145 2428 382 2488 blandius
395 2436 596 2488 Aulicos
606 2435 853 2488 hilaritate
867 2434 1294 2494 allexit‚modestia
1310 2440 1620 2510 composuit,

143 2526 200 2560 ac
215 2501 410 2560 suavius
426 2507 487 2558 ad
499 2507 694 2560 virtutis
709 2507 957 2561 accerfivit
968 2508 1247 2580 magisteria
1261 2513 1274 2559 ?
1289 2511 1420 2576 Quis
1434 2513 1621 2564 indicta·

145 2580 207 2633 ab
227 2577 436 2632 Ecclesia
455 2577 682 2632 fidelibus
694 2581 877 2651 jejunia
902 2580 1173 2633 custodivit
1195 2576 1416 2634 exactius
1439 2578 1539 2638 :ith
1561 2582 1623 2636 ad

146 2650 372 2704 libellam
391 2652 634 2723 exiguum
647 2653 871 2706 {umebat
891 2652 1236 2712 obsonium‚ut
1256 2652 1504 2725 signatum
1519 2657 1622 2726 jam

149 2722 384 2776 dentibus
401 2723 490 2794 ipsi
511 2723 841 2796 gratiffimum
865 2743 1081 2796 pomum
1105 2725 1336 2797 respuerit
1352 2766 1365 2787 ‚
1405 2746 1468 2780 ne
1481 2728 1618 2799 supr}

148 2794 482 2848 tenuiffimam
505 2795 834 2867 praescriptam
860 2796 1196 2871 frugalitatem
1233 2799 1511 2871 quidquam
1542 2800 1627 2851 de·

148 2866 349 2940 glutiret
376 2889 386 2918 :
413 2868 464 2920 in
480 2867 982 2946 pervigilijsVirginis
993 2870 1172 2999 Mbatris
1184 2866 1311 2926 adeb
1328 2872 1623 2996 severisobrern

1108 2960 1137 3015 &A
1485 2963 1500 2996 1
1539 2960 1557 2997 i
