2154 3517
1484 228 1544 267 13

147 320 306 391 segete
318 315 517 369 Bavaria
526 329 668 370 novo
681 317 822 368 aucta
837 316 1077 371 felicitatis
1095 316 1304 373 foenore.
1387 322 1515 391 Quis
1534 340 1614 379 tot

143 394 271 442 inter
284 393 490 458 Europae
503 386 740 459 procellas
753 389 977 459 Bojarico
989 390 1121 442 coelo
1139 392 1269 444 hanc
1287 394 1479 448 invexit
1497 398 1616 450 sere·-

143 478 354 513 nitatem
383 465 395 509 ?
437 461 564 525 Quis
582 460 896 513 aestuantibus
909 463 1097 534 ubique
1117 481 1374 517 armorum
1385 469 1614 522 motibus

144 535 365 602 quietem
393 530 523 583 hanc
555 529 901 584 inconcussum
941 532 1096 587 veluti
1126 535 1391 606 scopulum
1420 539 1618 593 incolu-

142 621 263 654 men
288 603 496 656 servavit
524 610 537 655 ?
574 605 1156 659 FERDlNANDUS
1192 612 1456 662 MARIA
1486 619 1617 662 Prin-

144 693 234 745 ‹eps
251 679 469 740 Pacificas.
541 676 640 726 Hic
655 674 817 743 estqui
833 673 1140 730 diffidiorum
1155 678 1441 734 chimaeram
1462 683 1616 736 Belle-

140 746 388 817 rephonte
401 746 621 819 sagacior
631 742 876 801 confodit,
896 744 1154 817 jugulavit.
1225 752 1326 803 Hic
1338 752 1419 812 est,
1437 757 1525 825 qui
1547 757 1617 807 se-

138 818 314 890 ptenni
338 835 446 869 non
466 816 681 888 pepercit
703 812 890 874 labori,
914 834 969 868 ut
995 821 1192 873 exulem
1202 841 1376 893 pacem
1390 827 1614 897 Imperio

139 890 408 943 restitueret
431 908 441 936 z
479 904 633 939 unum
661 886 933 939 Herculem
956 887 1173 941 celebrat
1204 894 1366 947 Gallia
1388 899 1440 948 in
1469 900 1617 951 Bivio

139 960 436 1013 Prudentem
451 978 465 1012 z
488 975 651 1009 unum
668 957 888 1029 Ulyflem
914 959 1143 1029 ptaedicat
1155 964 1478 1020 Graeciaaures
1493 971 1615 1022 Sire-

138 1051 265 1086 num
278 1029 598 1082 cantionibus
612 1030 944 1100 oppillantem
971 1052 981 1081 :
1014 1050 1177 1084 unum
1198 1032 1528 1104 imposterum
1542 1059 1614 1092 re-

138 1103 327 1156 censeat
343 1104 539 1171 Europa
565 1116 703 1153 aetate
725 1102 1009 1173 sanguineis
1029 1103 1173 1156 bellis
1197 1104 1332 1158 soeda
1351 1109 1384 1159 F
1395 1110 1431 1160 E
1447 1111 1493 1161 R
1506 1112 1554 1162 D
1570 1116 1615 1163 1-

134 1179 184 1228 Ν
201 1181 242 1225 A
257 1177 306 1225 N
319 1176 365 1225 D
378 1179 422 1225 U
440 1176 498 1224 M
532 1176 593 1224 M
608 1178 650 1224 A
662 1175 705 1223 R
717 1177 733 1224 l
744 1180 786 1224 A
800 1177 861 1225 M
884 1180 1115 1245 Princt'pe’m
1129 1182 1369 1245 Pacficum.
1405 1183 1527 1233 Non
1541 1197 1612 1234 ta*

135 1263 256 1298 men
275 1245 434 1297 fuisset
450 1245 559 1296 satis
570 1244 798 1296 Maximo
813 1246 1024 1318 Principi
1041 1246 1236 1302 servatae
1259 1250 1438 1321 quietis
1460 1251 1611 1306 bene-

135 1317 255 1369 ficio
276 1315 494 1388 populos
507 1313 697 1374 beaffes
728 1314 818 1368 nisi
837 1318 1294 1373 munificentiffima
1319 1339 1474 1374 manu
1499 1344 1610 1395 pro·

135 1388 260 1442 susas
287 1388 628 1460 indigentibus
649 1406 770 1458 opes
799 1389 950 1441 etiam
968 1390 1314 1462 suppeditasset
1344 1415 1358 1451 5
1385 1394 1473 1446 nifi
1495 1403 1611 1461 orn-3¹

135 1460 285 1513 nibus
309 1458 557 1512 studuiflet
584 1456 674 1510 fibi
698 1458 905 1511 addictis
928 1462 1145 1531 prodesse
1165 1464 1363 1535 populis
1383 1485 1398 1522 5
1419 1465 1507 1518 nisi
1531 1485 1610 1519 to-

136 1547 250 1584 tum
274 1526 582 1602 impendisset
603 1547 732 1598 opus
751 1569 764 1589 ,
798 1546 855 1582 ut
883 1532 1188 1585 miseriarum
1214 1536 1425 1587 cumulo
1450 1538 1610 1608 preffis

137 1603 264 1656 foret
286 1601 546 1655 levamini:
584 1599 784 1653 nullum
803 1603 1018 1672 permisit
1031 1604 1166 1657 diem
1179 1623 1429 1659 excurrere
1445 1648 1457 1668 ‚
1481 1611 1609 1682 quin

135 1676 229 1727 suis
250 1672 625 1726 efferbeneficiis
646 1670 822 1743 plenus
843 1694 853 1721 ε
882 1673 1084 1728 nullum
1106 1677 1246 1729 scivit
1267 1678 1436 1731 amissa
1453 1698 1509 1732 ex
1531 1682 1608 1734 in-

135 1746 386 1805 fortunio,
407 1744 486 1798 vel
505 1744 632 1818 ignis
650 1744 870 1796 vorantis
890 1783 903 1805 ,
927 1745 1006 1799 vel
1033 1748 1288 1817 grandinis
1311 1749 1607 1805 decutientis

136 1816 273 1870 bona
287 1817 597 1888 illacrymati,
615 1814 740 1886 quin
753 1814 970 1889 elargitis
982 1816 1200 1870 subsidiis
1212 1818 1496 1875 exhilararet
1509 1844 1518 1871 :
1530 1826 1607 1876 ni-

135 1889 323 1942 mirum
347 1905 553 1940 noverat
575 1887 806 1957 Principis
826 1906 1040 1941 manum
1061 1928 1074 1948 ,
1091 1885 1393 1960 splendidius
1405 1892 1607 1947 donati:

137 1979 230 2015 vo,
252 1957 492 2033 quamsce
530 1975 609 2011 tro
630 1958 864 2010 irradiare.
934 1964 1229 2031 Loquantur
1245 1962 1607 2034 PrincipisMuq

135 1978 673 2084 nificentiamlabentes
685 2029 907 2089 familiae,
927 2047 1049 2102 quas
1073 2050 1222 2084 aureo
1233 2033 1450 2104 scipione
1471 2050 1604 2108 repa*

134 2107 260 2157 ravit
285 2125 294 2153 :
317 2119 530 2175 aegentes
542 2100 726 2159 Viduae‚
739 2099 922 2171 quibus
932 2103 1035 2155 auri
1049 2143 1062 2162 ‚
1075 2104 1338 2174 argentivae
1356 2107 1606 2162 nitoribus

135 2174 376 2247 lacrymas
393 2172 657 2226 exsiccavit
680 2192 690 2220 :
714 2176 895 2244 Inopes
917 2175 1176 2235 seminudi,
1193 2195 1323 2298 cffuos
1335 2196 1487 2231 aureo
1505 2180 1604 2233 vel-

135 2245 232 2299 lere
255 2245 553 2299 convestivit
591 2265 602 2294 ε
649 2243 953 2296 Laborantes
982 2245 1200 2299 insanabi
1225 2248 1240 2300 i
1273 2250 1566 2320 aegritudine
1587 2290 1601 2314 ‚

135 2317 320 2390 quibus
333 2319 509 2370 omnia
520 2316 584 2368 ad
597 2316 756 2369 vitam
767 2315 1022 2369 necessaria
1036 2317 1235 2371 abunde
1257 2320 1600 2391 suppeditavit.

135 2390 437 2443 Recenseant
458 2387 688 2459 Principis
711 2387 1119 2441 Munificentiam
1140 2392 1598 2466 Xenodochia‚quae

134 2461 381 2533 praediviti
399 2462 549 2512 censu
560 2457 897 2530 locupletavit
919 2479 929 2508 :
952 2459 1089 2514 sacra:
1099 2461 1223 2513 aedes
1234 2503 1247 2522 ,
1268 2463 1345 2516 vel
1361 2465 1598 2519 vestutate

135 2532 359 2605 collapsae
373 2572 384 2590 ‚
407 2529 485 2583 vel
511 2531 747 2601 incendijs
763 2530 1013 2583 cinefactae
1036 2571 1049 2592 ,
1073 2550 1193 2604 quas
1210 2533 1273 2585 ad
1290 2533 1603 2591 nobiliorem

137 2606 427 2674 speciem,ac
442 2618 677 2654 ornatum
697 2603 981 2655 instauravit
1002 2623 1013 2652 ε
1049 2604 1301 2675 perampla
1320 2608 1599 2669 Coenobia‚

138 2679 287 2746 quaea
302 2673 641 2730 fundamentis
654 2674 802 2726 erexit
812 2713 825 2734 ‚
837 2692 893 2727 ac
906 2677 1192 2729 muneribus
1209 2678 1491 2732 cumulavit
1502 2719 1515 2739 ,
1538 2696 1597 2734 ut

140 2746 422 2800 exulantem
439 2744 502 2797 ab
523 2744 645 2799 orbe
665 2744 923 2813 pietatem,
941 2744 1077 2799 velut
1094 2746 1121 2801 a
1135 2748 1443 2819 postliminio
1453 2768 1597 2804 revo-

139 2834 281 2886 caret.
352 2824 451 2888 Prae
469 2818 639 2888 ceteris
661 2833 847 2872 enarret
866 2816 1111 2889 prolixam
1133 2821 1364 2891 Principis
1385 2820 1593 2878 Munifi-¹

1401 2909 1518 2947 cen·
