2231 3522
418 200 517 251 108⁴

807 304 995 368 Tunc
1014 299 1215 366 minus
1231 320 1357 365 tuta
1373 303 1484 366 effe
1499 349 1518 372 ‚

729 391 898 455 Cum
918 394 1104 471 magis
1121 390 1408 452 videntur
1433 393 1597 453 stare.

776 480 846 541 In
865 501 937 540 eo
954 479 1162 539 fixerat
1177 476 1318 557 Spes
1337 499 1569 544 omnes,

590 568 727 649 Qu
746 588 856 628 nec
873 565 1124 625 deficere
1146 563 1359 644 potest,
1378 583 1490 622 nec
1506 564 1749 632 mutari,

555 654 770 736 Qam
799 652 984 713 firmae
1014 650 1231 710 starent
1258 645 1379 729 spes
1406 649 1735 711 hominum
1765 693 1785 716 ,

667 738 725 801 Si
750 740 853 800 tali
873 736 1273 797 inniterentur
1294 735 1679 803 fulcimenta

435 824 575 890 Nec
604 827 842 889 fraudes
861 824 1158 887 timerent,
1175 841 1288 882 nec
1305 819 1498 901 lapsus
1513 819 1926 885 formidarent.

839 906 1135 970 Arescunt
1151 904 1273 988 spes
1291 924 1523 974 omnes,

780 995 843 1057 Si
861 993 1031 1055 Deus
1050 993 1194 1074 ipsas
1210 1013 1338 1053 non
1357 990 1579 1054 foveat.

610 1081 936 1144 Virescunt
955 1080 1030 1140 ad
1051 1080 1296 1145 frudius,
1303 1078 1344 1139 si
1362 1078 1493 1160 ipsis
1509 1081 1726 1142 faveat.

690 1169 776 1233 lta
797 1167 1176 1248 principatus
1193 1167 1444 1227 clavum
1458 1166 1653 1227 tenuit

838 1254 972 1321 Bav
979 1272 1169 1311 aricus
1192 1248 1257 1311 N
1263 1252 1501 1312 auclera

541 1338 695 1402 Tot
690 1358 841 1401 inter
857 1353 1200 1400 commotas
1229 1333 1492 1417 Europae
1516 1337 1829 1418 procellas,

510 1429 684 1506 Quas
712 1445 1029 1487 armorum
1061 1423 1327 1483 motibus
1355 1421 1529 1483 Mars
1559 1424 1880 1493 acciverat,

824 1509 909 1572 [It
936 1507 1232 1570 arridente
1247 1508 1505 1569 malacia

596 1598 768 1661 Felix
772 1599 1120 1676 ‚laetumque
1141 1594 1443 1673 regiminis
1462 1593 1790 1673 navigium

500 1685 757 1749 Portum
777 1684 1074 1765 appulerit
1097 1679 1344 1741 summae
1361 1678 1865 1760 Tranquillitatis

471 1769 795 1836 Nimirum
810 1769 934 1850 spes
952 1787 1163 1827 omnes
1181 1776 1239 1825 in
1259 1764 1422 1831 Deo
1439 1786 1581 1845 quia
1597 1766 1895 1846 posuerat,

800 1852 1044 1916 Divino
1068 1850 1315 1911 afflante
1333 1850 1557 1930 Spiritu

734 1939 808 2001 In
835 1956 1100 2019 aequatos
1130 1937 1415 1996 velorum
1454 1935 1642 2016 sinus,

823 2023 957 2087 Nisi
975 2020 1252 2106 prospere
1272 2021 1557 2082 debuerat

656 2110 1050 2194 Temporum
1069 2109 1404 2169 infortunia
1421 2109 1699 2182 traiicere.

465 2199 649 2263 Illisit
662 2216 962 2259 tumentes
979 2196 1361 2256 debacchatae
1376 2191 1645 2255 Bellonae
1664 2194 1905 2262 fluctus,

368 2270 731 2367 Illusit‚quas
745 2283 886 2345 aestu
892 2281 1234 2344 intesMars
1246 2282 1605 2341 excitaverat
1620 2299 1740 2341 tem
1751 2283 2017 2361 pestateS.

500 2372 808 2434 Habenti
799 2392 861 2430 in
882 2369 1023 2430 Deo
1049 2367 1342 2428 fiduciam
1361 2366 1511 2428 bene
1529 2369 1906 2433 luntomnia.

369 2460 580 2525 Plures
598 2458 912 2540 decipiunt
939 2455 1093 2537 spes³
1110 2454 1150 2513 sl
1169 2455 1337 2514 rebus
1356 2454 1689 2514 fulciantur
1711 2444 2020 2525 humani5‚

898 2540 1238 2604 Neminem
1255 2538 1293 2599 fi
1314 2536 1471 2601 Deo,

556 2629 846 2712 Desperat
865 2627 1062 2694 facile
1079 2627 1185 2708 qui
1202 2631 1437 2687 incertae
1455 2624 1675 2702 Martis
1692 2627 1830 2687 aleae

833 2715 975 2797 Spes
991 2735 1201 2774 ornnes
1221 2712 1567 2774 committit.

613 2799 807 2870 Mai-s,
823 2803 879 2864 ὃ(
897 2799 1077 2865 Mors
1094 2815 1353 2882 cognata
1368 2799 1506 2862 sunt
1532 2798 1789 2861 nomina
1806 2882 1827 2904 x

1684 2883 1936 2952 Parum³

1891 2721 1893 2724 ι
1966 2700 1985 2732 J.
