2154 3517
1489 268 1547 310 15

145 355 487 411 construendis
500 368 815 427 occupatum.
826 354 1043 410 Probum
1059 357 1132 410 Im
1140 372 1417 427 peratorem
1429 359 1619 432 ubique

144 430 380 484 locorum
397 432 597 487 Pontes,
612 427 829 499 Templa
849 468 861 488 ‚
883 431 1101 482 Porticus
1120 431 1298 502 Regias
1322 432 1594 485 innumeris
1607 472 1620 493 ‚

143 496 532 572 auri‚argentive
543 502 824 571 sumptibus
835 503 1024 554 erexisse
1041 542 1052 562 ,
1075 501 1426 557 multorumve
1451 506 1618 556 flumi-

143 592 275 627 num
295 573 419 624 ostia
438 572 732 642 patefecisse,
751 591 807 624 ac
829 571 1029 643 paludes
1049 573 1314 627 exficcaffe.
1336 577 1620 649 Augustum

142 644 397 715 Apollinis
417 649 614 697 Fanum
633 645 918 696 adomnem
944 645 1195 699 absolvisse
1209 646 1509 720 elegantiam
1536 689 1546 707 ‚
1567 652 1621 700 ὅ(

142 717 317 770 forum
331 756 342 775 ‚
355 735 475 770 cum
495 717 595 769 aede
611 717 786 768 Martis
797 713 981 767 Ultoris
1001 741 1013 776 ς,
1033 718 1287 790 aedemque
1300 721 1523 773 tonantis
1537 723 1621 786 Jo-

142 789 289 842 visin
303 788 561 859 Capitolio
573 785 801 858 singulari
815 788 1131 843 construxisse
1145 791 1506 844 munificentia.
1540 796 1623 843 Fa-

141 877 253 914 teor
263 863 482 912 maxima
496 860 599 910 haec
610 861 854 908 Romanae
872 857 1043 930 gloriae
1066 880 1423 915 monumenta:
1446 862 1622 916 verum

139 933 334 1002 majora
355 929 590 982 maximis
609 929 644 980 fi
666 928 859 988 dixerO,
874 948 983 1000 quae
1006 935 1459 986 FERDINANDLIS
1491 944 1554 988 M
1568 942 1623 984 A-

140 1008 266 1056 RIA
286 1001 554 1053 Coelitibus
568 1002 741 1059 erexit,
762 1001 934 1054 Fidem
958 1002 1206 1054 adstruent
1218 1004 1440 1068 susceptae
1464 1006 1624 1058 laudis

140 1077 474 1128 incrementat
492 1072 575 1125 illa
587 1072 832 1144 siquidem
846 1074 1085 1145 Exempla
1106 1076 1240 1126 fuere
1254 1072 1484 1129 vanitatis
1500 1099 1509 1127 :
1523 1079 1627 1131 haec

138 1162 478 1200 monumenta
502 1144 711 1197 Pietatis,
749 1149 885 1197 Etne
911 1146 1080 1199 videar
1103 1147 1443 1218 prolixitatem
1459 1148 1484 1201 e
1502 1156 1628 1201 Irin-

139 1219 264 1288 cipis
298 1217 543 1269 edidicisse
579 1216 958 1290 magnificentia
978 1240 992 1277 5
1024 1221 1214 1271 omitto
1251 1221 1629 1294 propugnacula

138 1305 431 1363 expugnatu
454 1287 776 1347 difficillimas
799 1290 1048 1364 Repagula
1071 1291 1366 1344 validiffima
1388 1294 1451 1345 ad
1475 1294 1626 1345 exteri

139 1361 315 1416 militis
347 1360 652 1413 coercendos
681 1363 900 1432 impetus
925 1384 938 1420 5
973 1365 1174 1416 Moenia
1204 1364 1266 1416 ad
1288 1366 1627 1418 retundendos

139 1434 370 1506 quosque
393 1433 611 1485 hostiurn
639 1450 850 1485 conatus
874 1434 1119 1505 aptissima
1140 1457 1154 1493 3
1173 1440 1348 1495 Arces3
1376 1441 1590 1510 Aggeres
1612 1461 1626 1496 3

142 1505 433 1559 Munimina
456 1527 469 1563 5
492 1523 602 1576 quae
617 1504 875 1557 Brunduni
891 1505 953 1557 ad
965 1508 1097 1558 Ocni
1112 1508 1362 1579 margines
1374 1510 1626 1562 excitavit.

140 1578 349 1631 Omitto
381 1580 693 1648 Oettingana
715 1574 895 1628 Palatia
914 1577 967 1628 in
987 1578 1259 1631 Provinciae
1279 1580 1488 1650 speciem
1511 1600 1631 1645 conf

140 1649 323 1702 structa
345 1671 358 1706 5
382 1647 822 1720 Niphemburgica
854 1647 1059 1701 aedificia
1077 1689 1090 1709 ,
1119 1655 1220 1721 qua
1255 1652 1458 1721 picturis
1488 1691 1502 1712 ,
1526 1650 1627 1724 qua

140 1724 433 1775 marmoreis
447 1719 1062 1793 crustisinfigniazejusque
1089 1723 1347 1795 aggrediar
1373 1726 1628 1777 Prudenti-

142 1811 228 1845 am
242 1831 254 1852 ,
287 1809 397 1864 quae
417 1792 470 1844 in
479 1792 843 1862 componendis
861 1792 1201 1845 diffidentium
1224 1795 1508 1865 Principum
1525 1798 1629 1848 ani-

141 1865 239 1919 mis
261 1885 275 1921 3
298 1863 631 1935 provehendis
653 1864 867 1934 publicae
895 1865 1076 1935 quietis
1097 1866 1388 1918 commodis
1407 1869 1629 1920 maxime

143 1936 340 1993 enituit.
378 1940 500 1989 Non
514 1954 596 1988 me
607 1935 728 1989 latet
741 1939 1028 1988 Homerum
1047 1939 1211 1990 virum
1232 1937 1494 2008 prudentia
1520 1940 1632 2011 pol-

142 2006 407 2067 lentem‚ac
420 2007 701 2078 judicio5ut
713 2007 1101 2061 excellentissimi
1128 2009 1358 2081 Principis
1378 2010 1630 2081 specimen

143 2078 706 2152 proponeret,affignasse
717 2079 789 2132 illi
801 2078 1122 2134 Confiliarios
1135 2083 1419 2134 maturitate
1430 2102 1606 2154 graves
1616 2124 1630 2143 ‚

143 2151 409 2222 prudentia*
424 2151 662 2224 insigneS,
679 2154 732 2204 ὅ(
751 2152 804 2203 in
817 2151 961 2204 rebus
972 2151 1176 2224 agendis
1187 2154 1407 2224 apprime
1420 2157 1602 2226 peritos
1617 2177 1628 2205 :

144 2221 310 2295 neque
325 2223 608 2276 existimassc
620 2224 833 2295 perfecta
844 2224 1078 2296 Principis
1103 2224 1344 2300 dignitate
1364 2228 1513 2297 potiri
1530 2233 1628 2280 Re-

144 2314 263 2368 gem
274 2296 418 2348 suurn
430 2300 870 2369 Agamennonem‚
879 2297 969 2349 nisi
990 2297 1250 2350 Nestorem
1261 2299 1506 2352 acciviflet
1518 2340 1529 2360 ,
1541 2319 1628 2352 cu-

144 2369 222 2439 jus
244 2369 317 2419 uti
340 2368 491 2438 posset
511 2368 723 2421 consilio
743 2389 753 2418 :
773 2371 945 2440 parum
967 2367 1127 2437 ajebat
1147 2369 1366 2441 prodesse
1389 2373 1599 2442 Principi
1614 2413 1628 2433 ,

145 2440 228 2494 vel
249 2440 531 2492 animosum
552 2439 804 2497 ,Achillem
816 2482 828 2499 ‚
841 2440 920 2494 vel
933 2438 1214 2512 clypeatum
1229 2447 1428 2513 Ajacem
1442 2485 1454 2502 ‚
1480 2444 1558 2497 vel
1581 2463 1628 2497 e-

146 2512 380 2585 gregium
404 2511 727 2582 jaculatorem
745 2517 1019 2572 Teucrum,
1034 2513 1113 2567 vel
1135 2514 1389 2568 strenuum
1411 2517 1626 2569 Diome-

146 2585 290 2644 dem,
304 2583 394 2636 nifi
408 2585 540 2638 viros
559 2585 792 2639 adhibeat
803 2584 1013 2638 consilio
1035 2589 1193 2638 claros
1214 2626 1226 2646 ‚
1247 2588 1372 2640 acin
1385 2587 1528 2639 rebus
1543 2589 1628 2640 de-

147 2654 414 2709 liberandis
426 2657 688 2728 prudentes
707 2676 722 2713 t
756 2659 904 2731 idque
924 2660 1202 2731 assequutus
1224 2662 1513 2712 Antoninus
1533 2664 1627 2712 Im-

148 2744 344 2798 perator
360 2728 494 2800 apud
513 2728 705 2793 Julium
726 2729 1075 2801 Capitolinum
1097 2773 1110 2793 ‚
1133 2736 1321 2799 AEqmds
1336 2737 1415 2803 ss,
1438 2732 1623 2804 inquit,

151 2820 201 2850 ut
213 2820 281 2869 ego
295 2814 358 2850 tot
375 2809 602 2851 amicorum
615 2805 775 2868 confilza
773 2808 951 2870 sequar,
973 2804 1100 2871 qucim
1120 2826 1170 2855 ut
1190 2818 1253 2854 tot
1272 2813 1535 2855 meamunius
1547 2826 1626 2856 vo-

151 2875 794 2945 luntatemftquantur.La6tea
804 2872 905 2932 huc
917 2876 1150 2942 debuisset
1161 2877 1383 2952 longaevr
1400 2880 1451 2931 N
1457 2878 1624 3001 epotis

1006 2967 1035 3003 c
1454 2967 1480 3001 e
1502 2967 1558 3001 o-
