2216 3512
645 255 672 295 6

578 354 644 407 ad
658 354 989 406 communem
999 344 1284 427 splendeant
1295 343 1590 401 hilaritatem
1607 352 1622 401 ?
1659 349 1734 402 Ita
1744 347 1811 402 est
1832 368 1842 400 ε
1864 347 2042 402 huma}

582 444 658 478 nae
671 422 1027 478 vicissitudines
1042 418 1346 496 conditionis
1356 418 1457 472 hoc
1466 420 1791 490 postulant‚ut
1803 417 1928 474 dum
1940 424 2042 491 api-

582 515 695 550 cem
714 495 959 548 felicitatis
982 487 1192 565 attigisse
1211 490 1473 542 videamur
1493 531 1506 551 ‚
1536 493 1591 545 in
1607 493 1772 546 imum
1820 494 2042 547 roturbe·

585 586 701 622 mur
719 567 931 620 doloris:
953 563 1100 618 altius
1112 566 1325 615 Fortuna
1342 579 1436 638 nos
1456 563 1646 625 extulit,
1663 583 1766 637 quo
1807 565 1922 636 apsu
1936 582 2042 637 gra-

586 642 726 693 viore
749 656 1015 692 rueremuS.
1103 628 1381 703 Qrulam
1409 632 1562 701 lgitur
1582 641 1774 690 asturus
1796 635 2044 690 Praeficam

586 710 800 783 lugubre
814 710 1036 763 exordiar
1050 702 1346 776 Epicedium
1361 722 1375 759 3
1394 702 1473 753 sed
1493 703 1593 757 fine
1606 706 1864 762 allicientis
1878 706 2047 761 elocu-

585 783 662 836 tio
673 783 749 835 nis
772 781 962 853 lepore,
974 781 1292 831 inamoenum
1314 794 1328 829 3
1360 772 1462 825 fine
1481 776 1783 846 argutiarum
1801 779 2046 832 acumini-

586 855 683 908 bus
701 894 715 916 ,
734 852 1034 925 languidum
1054 847 1198 921 {fine
1224 846 1584 918 elegantiarum
1606 847 1794 900 deliciis
1811 888 1824 908 ,
1852 851 2049 903 incom-

586 943 729 998 ptum
742 948 755 982 5
778 925 877 975 fine
890 917 1130 975 facundiae
1141 917 1746 991 ornamentismegletstum
1761 942 1775 978 5
1797 920 1898 972 fine
1920 920 2050 973 Rhe-

586 1013 758 1053 torum
773 989 1212 1062 fuciS‚squalidum.
1281 988 1420 1042 Heu!
1435 989 1778 1060 intempestiva
1791 1007 2053 1062 praematu-

588 1069 626 1120 ri
642 1066 741 1119 Fati
767 1063 982 1137 procella
1001 1062 1227 1115 nostrum
1245 1062 1480 1132 protrivit
1504 1079 1653 1115 verna
1672 1065 1905 1134 temperie
1919 1064 2051 1115 Deli·

588 1137 748 1195 cium3
763 1135 900 1190 nulla
913 1133 1117 1187 excultae
1134 1133 1431 1205 eloquentiae
1444 1136 1720 1204 spectentur
1740 1137 1907 1188 vireta.
1976 1139 2054 1187 In-

587 1211 753 1281 opinae
777 1208 954 1261 mortis
985 1206 1178 1259 invidia
1199 1205 1424 1257 nostrum
1453 1212 1533 1257 {ua
1552 1205 1809 1259 demessuit
1833 1206 1956 1259 falce
1981 1209 2054 1259 vi-

589 1282 740 1334 rentis
763 1280 900 1333 Oleae
927 1277 1121 1331 Florem
1149 1300 1162 1335 5
1202 1276 1341 1330 nulla
1371 1276 1662 1330 desideretur
1699 1277 2057 1352 elegantiarum

590 1354 868 1409 amoenitas.
917 1355 935 1403 1
941 1351 1134 1403 nsolens
1146 1348 1296 1402 turbo
1311 1349 1587 1402 trabeatum
1598 1350 1877 1422 Principum
1889 1349 2057 1420 Splen-

594 1424 771 1476 dorem
783 1420 1053 1475 momento
1064 1422 1275 1474 extinxit
1295 1444 1308 1479 5
1329 1422 1499 1473 nullus
1510 1422 1708 1493 grandis
1718 1423 1964 1473 orationis
1982 1425 2059 1472 ni-

591 1512 675 1549 tor
687 1493 936 1567 affulgeat.
1011 1491 1370 1565 Qialugubre
1381 1508 1738 1564 argumentum
1762 1491 1902 1545 exlex
1927 1492 2058 1544 mihi

592 1567 811 1641 suggerit
828 1565 974 1618 dolor
997 1586 1014 1623 5
1048 1564 1201 1617 Sinite
1222 1581 1304 1616 me
1325 1564 1417 1615 hac
1444 1564 1523 1615 die
1548 1562 1760 1634 publicis
1782 1564 2060 1616 consecrata

592 1639 897 1694 moeroribus
908 1635 1059 1690 nullis
1072 1636 1331 1688 addictum
1345 1633 1523 1687 effandi
1537 1633 1732 1707 legibus
1747 1637 1920 1689 ordine
1932 1653 2060 1706 quo-

594 1712 714 1764 dam
725 1708 1052 1762 tumultuario
1074 1708 1245 1759 laudes
1279 1712 1410 1756 FER
1421 1714 1466 1759 D
1479 1712 1608 1757 INA
1620 1712 1719 1759 ND
1733 1712 1757 1756 I
1801 1714 1910 1758 MA
1923 1714 1959 1757 R
1971 1713 2057 1759 1AE

597 1785 806 1834 Eleiloris
832 1782 1083 1852 pervagari
1106 1801 1120 1836 5
1148 1796 1206 1830 ac
1232 1779 1453 1830 Virtutes
1476 1819 1487 1838 ,
1516 1797 1728 1849 quarum
1752 1778 1940 1852 fastigia
1960 1779 2062 1849 ipse

595 1855 824 1925 attigerat
837 1890 848 1911 ,
864 1850 1040 1903 leviter
1052 1849 1290 1902 recensere
1305 1889 1318 1909 ‚
1337 1867 1392 1901 ut
1409 1849 1577 1902 saltem
1592 1869 1651 1902 ex
1663 1869 1834 1922 ungue
1847 1853 2059 1904 Boreum

598 1925 751 1977 istum
762 1921 1102 1995 praegrandem
1115 1920 1355 1973 discamus
1369 1926 1606 1973 Leonem.

713 1994 970 2050 Ptaeteribo
983 1993 1034 2044 in
1052 1993 1296 2044 uberrima
1308 2011 1470 2045 rerum
1480 1996 1647 2065 Segete
1665 1994 2063 2065 protritamRhe·

601 2082 774 2122 torum
785 2065 951 2138 legem
959 2063 1212 2117 derivandi
1224 2062 1392 2115 laudes
1404 2063 1434 2117 a
1446 2068 1716 2118 stemmate
1728 2082 1806 2118 tot
1818 2067 1916 2136 jam
1926 2081 2066 2117 ante--

600 2139 726 2191 actis
742 2135 937 2190 socculis
956 2138 1147 2207 inclyto
1162 2136 1229 2195 ,ὃς
1243 2138 1367 2188 inter
1380 2136 1539 2205 prima
1553 2140 1758 2207 Europae
1771 2138 2064 2196 Coronaria,

603 2211 853 2280 omnique
886 2207 1138 2279 praeconio
1158 2205 1710 2263 clariorezemendicatis
1739 2227 1849 2261 non
1870 2208 2065 2281 indiget

604 2279 856 2334 nitoribus
868 2318 881 2339 ,
892 2279 978 2351 qui
990 2278 1079 2330 fibi
1092 2277 1173 2349 ipfi
1185 2274 1422 2330 {ufficiens
1433 2277 1537 2330 laus
1549 2277 1630 2330 est.
1678 2280 1813 2345 Quia
1826 2279 1943 2332 vero
1954 2278 2065 2331 nul-

603 2351 653 2406 la
672 2351 833 2424 potest
859 2356 988 2402 FER
1001 2353 1181 2402 DINA
1192 2354 1294 2402 ND
1309 2356 1335 2399 I
1368 2353 1523 2401 MAR
1536 2357 1621 2402 IAE
1660 2368 1774 2403 aetas
1798 2352 2064 2410 recenseri,

605 2442 718 2495 quae
729 2424 848 2476 albo
859 2415 1097 2477 divinitus
1109 2420 1391 2492 praesignata
1402 2420 1574 2492 lapillo
1595 2422 1863 2492 multiplici
1884 2441 1992 2475 non
2012 2420 2067 2489 ἰ1-Ι

605 2493 785 2548 luxerit
795 2495 999 2546 summae
1012 2495 1205 2548 virtutis
1216 2495 1239 2545 s
1235 2492 1543 2562 plendore‚ab
1554 2491 1664 2563 ipsis
1676 2495 1898 2546 exordiar
1910 2492 2065 2564 pube-

609 2566 784 2620 scenris
802 2566 1026 2618 Infantiae
1050 2564 1325 2633 crepundiis
1348 2604 1361 2623 ,
1405 2582 1515 2635 quae
1546 2565 1831 2618 ditiffimam
1853 2561 2065 2616 laudum

612 2636 744 2691 mihi
758 2631 1368 2707 exhibentsupellestilem.
1440 2634 1697 2690 Nimirum
1719 2637 1965 2687 orientem
1975 2639 2064 2687 So-

614 2707 718 2762 lem
729 2709 948 2779 apprime
969 2706 1251 2768 aernulatuS‚
1269 2707 1321 2758 in
1334 2706 1433 2777 ipso
1452 2707 1685 2759 nascentis
1708 2708 1820 2759 vitae
1835 2708 2064 2759 orizonte

614 2796 756 2834 totus
775 2781 822 2833 se
844 2780 886 2831 se
904 2781 957 2832 in
971 2777 1237 2831 clariorum
1257 2775 1494 2831 effuderat
1505 2778 1747 2832 virtutum
1759 2779 2065 2831 incrementa

616 2851 680 2904 ad
691 2853 906 2926 ignaviae
923 2849 1229 2922 depellendas
1250 2849 1577 2922 caligineS,ad
1589 2849 1696 2921 vitij
1719 2851 1934 2974 quasqtsse
1954 2867 2064 2903 um-

1922 2940 1994 2974 ras
