2231 3522
501 281 593 321 152

421 391 660 459 naisum
677 432 694 455 2
709 389 768 448 &
783 378 1128 467 aequ'isfimis
1145 380 1420 442 lamentis
1446 378 1518 440 ad
1537 379 1764 440 illatam
1781 381 2066 455 injuriam

422 475 833 543 ulciscendam
860 470 1036 532 suum
1065 463 1458 549 concitassent
1483 463 1853 545 Apollinem.
1943 466 2069 529 De-

427 563 682 630 buiffent
709 561 766 620 &
784 556 923 639 Ipsae
951 576 1094 618 cum
1122 552 1236 614 suis
1253 552 1439 618 tibiis,
1458 571 1527 610 ae
1548 546 1813 612 Citharis
1831 553 2071 618 funebri

427 653 572 715 huic
590 642 854 709 intereffe
870 641 1181 724 apparatui
1199 683 1216 706 2
1245 640 1303 698 ἃ
1324 634 1567 699 Naenias
1597 637 1886 700 defundio
1903 638 2075 706 Prin.

426 739 545 819 cipi
563 737 763 817 plenas
778 729 1099 791 concinere
1121 725 1413 786 laudibus,
1504 720 1672 804 Qiia
1689 719 1840 784 vero
1858 722 1909 785 F
1911 728 2074 790 acul-

423 844 507 886 tas
524 818 842 902 Lapidaria
871 836 986 896 ope
1011 812 1377 894 Symbolicae
1392 810 1625 870 intextis
1641 809 1920 873 laudibus
1937 818 2072 876 torsi

427 911 545 971 laxi
560 904 767 986 templi
785 903 1082 962 ambitum
1099 908 1214 975 jam
1227 911 1635 976 occupaverat
1653 917 1663 956 :
1680 914 1810 957 non
1828 899 2076 963 enimin

427 994 726 1057 uberrima
745 989 861 1049 hac
881 988 1176 1048 virtutum
1206 980 1382 1044 meffe
1402 979 1677 1062 unquam
1693 983 1778 1042 illi
1798 983 2076 1049 defuisset

425 1079 596 1145 fandi
627 1076 871 1138 materia
898 1118 915 1141 ,
951 1093 1062 1133 nec
1091 1069 1319 1131 indicto
1335 1068 1565 1129 silentio
1583 1064 1860 1149 unquam
1876 1074 2074 1135 conti-

426 1165 683 1229 cuissent
710 1176 1015 1242 quotquot
1029 1179 1099 1218 ex
1116 1153 1163 1216 F
1167 1156 1526 1216 acultatibus
1544 1156 1916 1218 liberioribus
1934 1158 2075 1221 fuis·
2114 1152 2117 1156 ’

429 1254 555 1315 sent
570 1250 645 1310 ad
666 1251 824 1308 hane
841 1245 1094 1306 laudum
1111 1241 1553 1302 enarrationem
1571 1241 1772 1301 accitae
1789 1286 1805 1307 ,
1828 1242 1869 1302 si
1888 1242 2076 1307 Tem-

428 1340 512 1422 pli
540 1335 678 1396 licet
707 1332 1012 1414 perampla
1030 1327 1261 1409 capedo
1280 1325 1526 1387 summis
1549 1326 1822 1388 defuncti
1841 1326 2079 1391 Princi-

430 1427 515 1507 pis
533 1415 843 1484 suffecisset
858 1416 1193 1477 virtutibus.
1268 1410 1622 1473 Defuerunt
1643 1413 1807 1472 enim
1824 1410 2075 1496 Templi

431 1509 615 1592 spatia
641 1502 939 1584 Principis
964 1501 1283 1562 virtutibus
1307 1543 1326 1565 2
1344 1518 1474 1559 non
1505 1504 1755 1560 Virtutes
1782 1495 2078 1583 Principis

429 1594 624 1678 spatiis
639 1589 906 1669 Templi.
982 1585 1251 1647 Tametsi
1268 1586 1574 1645 columnae
1594 1602 1901 1667 quotquot
1915 1585 2077 1648 stria-

430 1701 499 1745 tae
517 1678 772 1759 Regiam
788 1674 1110 1737 Basilicam
1136 1671 1433 1737 fulciunt>
1463 1671 1790 1739 &ornant‚
1818 1670 2074 1754 &spatia

429 1767 640 1830 omnia
677 1759 1212 1824 intercolumnaria
1237 1773 1534 1837 occupata
1564 1757 1791 1819 fuerint
1818 1765 1881 1818 in
1910 1780 2079 1822 enar-

430 1853 624 1916 randis
650 1848 928 1909 laudibus
959 1843 1318 1923 Principum
1349 1841 1615 1903 Maximi
1644 1886 1661 1908 ,
1710 1862 1839 1904 non
1870 1861 2075 1909 tamen

431 1961 526 2003 eas
585 1948 867 2018 poterant
925 1930 1156 1992 emetiri
1202 1948 1222 1999 3
1282 1924 1479 1991 fuisset
1525 1926 1587 1988 id
1634 1926 1894 1991 Homeri
1944 1930 2077 1994 Ilia-

431 2027 531 2087 des
580 2024 734 2084 inter
782 2016 1081 2098 angustias
1129 2014 1333 2076 nuclei
1379 2013 1671 2076 avelianae
1710 2014 2031 2079 occludere
2058 2062 2077 2087 ,

429 2112 533 2173 vel
560 2109 790 2190 cyatho
808 2101 1138 2186 peramplas
1161 2098 1642 2161 circumscribere
1671 2097 1877 2182 Pelagi
1907 2104 2077 2184 plani

432 2200 557 2263 ties0
658 2188 1184 2270 Consignavimus
1216 2186 1395 2266 igitur
1435 2187 1893 2249 modulantibus
1923 2188 2076 2250 Mu—

431 2284 500 2344 sis
523 2278 797 2361 quaedam
830 2277 1111 2336 locorum
1138 2272 1320 2354 spatia
1348 2271 1422 2331 ad
1460 2272 1607 2335 Aras
1634 2274 1901 2336 minores
1929 2294 1947 2344 3
1994 2274 2074 2336 ne

431 2369 590 2429 ullus
622 2360 931 2446 superesset
967 2360 1115 2441 lapis
1144 2403 1161 2426 ,
1208 2358 1314 2438 qui
1344 2358 1642 2418 uberrima
1672 2360 1745 2419 ab
1794 2361 1908 2421 hac
1942 2361 2074 2421 lau-

430 2456 581 2516 dum
610 2449 987 2512 enarratione
1015 2445 1328 2507 abstineret
1368 2463 1378 2503 :
1427 2444 1706 2524 quamvis
1735 2443 2073 2526 Templum

429 2538 625 2622 ipsum
671 2582 688 2604 2
724 2533 903 2616 'quod
944 2532 1020 2593 ad
1062 2551 1311 2592 omnem
1357 2529 1658 2591 strueiurae
1713 2532 2075 2609 elegantiam

429 2627 463 2690 a
492 2625 690 2708 primo
719 2619 915 2702 lapide
956 2619 1101 2698 erigi
1146 2614 1379 2678 iusserat
1430 2612 1866 2696 profusissimus
1902 2614 2075 2678 Prin-

427 2733 566 2794 ceps
614 2753 632 2777 ,
691 2707 916 2786 semper
962 2704 1030 2765 sit
1075 2714 1191 2783 ejus
1242 2703 1728 2765 munificentiam
1777 2702 2072 2782 loquutu-

431 2821 584 2862 rum.
710 2792 877 2873 Quia
939 2788 1088 2852 vero
1147 2792 1430 2851 locorum
1479 2787 1761 2868 angustiae
1807 2789 2068 2869 prolixas

432 2907 563 2948 non
624 2881 941 2963 capiebant
999 2878 1343 2940 carminum
1404 2871 1569 2936 series
1629 2918 1649 2943 2.
1718 2874 2069 2944 maluerunt

1780 2957 1983 3023 Musae
