2154 3517
1648 300 1706 338 33

141 410 238 460 tas,
268 395 437 478 Qia
456 392 605 457 vero
621 394 870 478 plenum
891 392 1324 461 Praeclariffi'mi
1343 401 1636 490 Principis
1650 432 1786 476 non

139 473 414 543 valemus
430 484 594 555 jubar
612 483 930 543 exhaurire
942 501 960 553 3
988 504 1097 543 nec
1112 484 1455 550 absolutum
1473 492 1787 573 possumus

136 570 442 648 exemplar
463 567 570 628 suo
585 568 943 649 Archetypo
959 570 1233 631 exhibere
1249 573 1581 640 consimile.
1660 580 1720 642 N
1731 605 1788 643 a-

135 669 281 714 turae
299 654 514 716 limites
532 675 647 735 ope
663 652 941 714 suffultus
959 652 1207 718 Divinae
1223 656 1454 721 Gratiae
1487 708 1504 730 2
1529 667 1651 745 qua
1669 671 1789 748 ple-

135 756 223 802 no
239 738 416 800 ubere
438 750 557 818 ejus
584 741 938 800 irroraverat
977 741 1196 803 liliatus
1250 745 1546 816 Animus,
1576 772 1789 814 omnes

120 825 584 908 „praetervolavit
600 869 617 890 ,
647 823 1000 903 nostro-sque
1018 826 1192 888 humi
1212 849 1476 911 repentes
1494 838 1790 901 transcen—

134 911 225 971 dit
240 913 499 971 obtutus
589 905 905 969 Debuiffet
931 928 1001 968 ex
1033 906 1356 976 Coclitibus
1386 921 1567 981 acciri
1587 921 1790 987 Enco-

135 997 369 1058 miastes
386 1039 402 1061 2
419 995 525 1075 qui
542 994 804 1055 summas
820 993 1143 1057 recenseret
1161 995 1457 1082 Principis
1491 1006 1757 1073 Virtutes
1773 1058 1793 1082 ,

132 1100 280 1161 quas
311 1081 568 1143 docente
613 1080 910 1160 Magistra
943 1078 1162 1142 Gratia
1205 1103 1278 1144 ex
1314 1088 1535 1150 intimo
1576 1094 1797 1161 Animi

131 1166 724 1246 suggestu2didicerat
741 1168 804 1226 in
832 1165 1072 1227 Pietatis
1089 1170 1285 1248 lyceo
1307 1167 1443 1234 Nos
1461 1175 1676 1260 impari
1694 1204 1797 1245 co-

129 1252 257 1314 lore
274 1249 473 1327 Hujus
493 1251 851 1334 Principum
881 1251 1151 1314 Maximi
1180 1256 1476 1324 virtutum
1508 1305 1526 1328 ,
1561 1284 1631 1326 ac
1656 1269 1797 1332 Vitae

134 1338 505 1398 delineantes
540 1340 853 1399 historiam
879 1340 1193 1418 quandam
1221 1343 1518 1409 duntaxat
1554 1353 1798 1418 exhibe-

131 1445 267 1486 mus
287 1425 634 1505 graphicem
655 1468 671 1490 ,
706 1426 765 1484 &
793 1425 1216 1504 corrigendam
1246 1429 1306 1488 δε
1324 1434 1794 1514 perficiendam;

127 1530 458 1590 nunquam
502 1529 707 1571 tamen
748 1508 1105 1571 humanitus
1148 1518 1437 1578 omnibus
1481 1522 1798 1589 absolven-

131 1596 277 1656 dam
296 1616 575 1657 numer1S.
668 1593 940 1656 Laudari
972 1617 1296 1678 nunquam
1314 1602 1387 1662 ad
1406 1608 1796 1689 condignum

129 1699 347 1764 poterit
388 1679 537 1742 Dux
574 1676 988 1743 Sandiifflmus
1019 1725 1035 1748 ,
1087 1682 1327 1747 Elecstor
1361 1687 1798 1772 AEquiflimus,

128 1766 418 1848 Princeps
436 1766 605 1828 Pacis
622 1811 638 1834 ,
660 1765 833 1827 Pater
852 1767 1038 1827 Aurei
1057 1767 1571 1840 Saeculi2Culmen
1601 1781 1798 1847 Pieta-

129 1855 233 1920 tis,
264 1849 581 1914 Columen
600 1852 967 1929 Religionis,
1013 1851 1468 1921 Nitidiffimnm
1498 1867 1799 1935 virtutum

125 1940 423 2001 omnium
441 1937 639 2008 Iubar,
730 1937 1158 2018 propugnator
1174 1938 1569 2018 Innocentiae,
1588 1951 1798 2018 Hostis

133 2020 825 2106 Impietatis‚Speculuni
843 2023 1200 2093 Modestiae,
1218 2025 1457 2093 Norma
1489 2033 1796 2119 imperans

229 2113 407 2179 tium,
425 2109 595 2172 Pacis
626 2110 890 2176 Vindex,
908 2109 1172 2172 Publicae
1195 2115 1407 2194 quietis
1432 2118 1710 2195 Afl'ertor²
1790 2127 1795 2132 ’

538 2194 766 2260 Gloria
794 2197 983 2258 nostri
1002 2195 1226 2265 AEv12F
1230 2204 1392 2264 uturi
1469 2253 1478 2256 ,

760 2281 1150 2366 Exemplum.

1506 2937 1710 3001 ELO-
