2231 3522
734 621 1419 691 ELOGJUM
1506 625 1664 692 XII.

366 784 958 865 Commendatur
996 784 1267 861 summa
1300 778 1740 864 Ferdinandi
1761 782 2027 861 Mariae

478 904 802 1010 AEquitas
831 908 900 978 in
925 900 1237 1010 regendis
1258 897 1307 975 P
1314 898 1538 1007 opulis
1567 958 1586 989 ‚
1609 928 1688 974 ac
1723 901 1793 974 in
1821 925 2027 1002 nego-

472 1023 576 1092 tiis
608 1018 1031 1127 peragendis.

702 1198 1678 1266 EMOELEMA.

360 1338 448 1396 Sol
472 1343 681 1397 Zodiaci
706 1359 987 1414 percurrens
1000 1340 1314 1413 Eclipticam.
1384 1338 1466 1391 Est
1485 1339 1729 1410 Ecliptica
1748 1337 1920 1389 semita
1939 1337 2028 1387 So-

465 1422 525 1477 lis
542 1464 555 1484 ,
579 1422 794 1477 circulus
813 1426 1072 1476 Maximus
1093 1418 1349 1494 aequaliter
1369 1420 1551 1472 distans
1577 1416 1606 1472 a
1630 1420 1760 1491 polis
1785 1417 1993 1473 Zodiaci
2014 1454 2028 1476 ‚

466 1524 621 1578 quem
644 1522 729 1573 per
747 1503 975 1557 medium
998 1506 1052 1558 in
1072 1521 1228 1575 partes
1253 1498 1464 1574 aequales
1484 1501 1698 1555 dividit:
1718 1519 1803 1573 per
1820 1497 2029 1570 Eclipti-

462 1605 577 1640 cam
602 1584 686 1639 Sol
705 1581 1123 1638 indeclinabiliter
1151 1581 1410 1639 discurrits
1441 1583 1495 1634 &
1528 1581 1693 1635 differt
1729 1585 1760 1634 a
1796 1580 2026 1635 Zodiaco

464 1662 711 1736 tanquam
728 1682 835 1736 pars
852 1668 879 1717 a
891 1682 1022 1719 toto.
1088 1665 1168 1716 Est
1181 1663 1433 1716 Zodiacus
1445 1703 1458 1723 ‚
1487 1662 1636 1716 fascia
1649 1660 1726 1713 seii
1742 1661 1890 1713 Zona
1905 1661 2026 1710 Coe-

463 1744 593 1798 lestis
608 1743 705 1796 lata
722 1742 889 1816 gradu
907 1763 951 1795 2.
974 1744 1236 1796 terminata
1248 1739 1656 1794 circumferentiis
1686 1741 1909 1793 duorum
1935 1739 2027 1790 cir-

464 1824 700 1879 culorum
718 1844 828 1877 non
849 1825 1201 1877 Maximorum
1215 1820 1487 1885 ‚nimirum
1508 1821 1714 1892 Tropici
1739 1819 1921 1873 Cancri
1936 1861 1948 1881 ,
1974 1821 2028 1872 ὅ(

463 1907 789 1979 Capricorni:
808 1904 971 1979 vulgb
991 1904 1172 1958 dicitur
1187 1909 1392 1957 Circulus
1413 1907 1667 1955 animalium
1690 1942 1703 1963 ,
1721 1896 1803 1955 seu
1817 1907 2029 1970 Sgrnzjfser,

466 2005 531 2040 eo
561 1981 702 2058 qubd
724 1984 862 2056 signa
887 1983 1061 2036 referat
1090 1985 1409 2045 animalium5
1434 1985 1513 2039 vel
1531 1986 1682 2038 etiam
1704 1983 1823 2058 quia
1835 1985 2024 2058 fignifi-
2050 2052 2059 2056 -

464 2084 544 2122 cet
556 2068 692 2122 viam
703 2065 830 2118 Solis
843 2062 1222 2137 planetarumve
1232 2107 1244 2130 ,
1257 2086 1363 2142 quo
1370 2084 1483 2122 rum
1507 2068 1694 2121 virtute
1705 2066 1810 2120 haec
1821 2067 2023 2120 inferio·

467 2167 521 2203 ra
531 2148 830 2200 animantur.
894 2144 980 2198 Sol
993 2143 1114 2200 verb
1125 2144 1196 2200 ita
1207 2149 1499 2216 Eclipticam
1512 2147 1758 2207 discurrit,
1781 2164 1837 2200 ut
1847 2166 1939 2201 nec
1950 2147 2021 2202 hi-

468 2230 582 2284 lum
602 2228 759 2300 ipsam
781 2227 1174 2298 transgrediatur.
1252 2228 1557 2302 Symbolum
1579 2231 2021 2287 PERDINANDI

467 2310 710 2366 MARIAE
730 2349 742 2368 ‚
768 2310 855 2380 qui
880 2309 951 2361 ita
990 2312 1341 2377 AEQUITATI
1374 2308 1572 2365 adhaefit
1594 2349 1608 2372 ‚
1633 2328 1690 2365 ut
1710 2312 1867 2382 ipsam
1886 2331 2020 2365 nun-

466 2387 623 2467 quam
645 2392 791 2444 fuerit
813 2393 1136 2467 transgressus.

982 2537 1396 2649 Epigraphe.

820 2708 1005 2790 Non
1030 2709 1528 2818 transgreditur.

1793 2900 1918 2965 Ro-
