2231 3522
447 144 462 183 ῐ.
481 141 546 184 2,,4·

740 241 938 308 Nulla
953 239 1149 301 valuit
1170 254 1292 297 nox
1311 235 1663 319 intempesta

830 329 964 391 Suis
982 325 1297 407 prohibere
1314 327 1567 386 tenebris

465 423 589 488 Eos
605 415 830 482 Divini
847 416 999 476 Solis
1017 410 1213 472 radios
1231 454 1247 476 2
1262 413 1479 489 quibus
1510 409 1626 492 ipse
1643 410 1938 489 flagrarat,

498 506 670 572 Cum
685 506 886 566 noctes
904 498 1049 581 ipsas
1066 496 1363 555 alliciente
1379 495 1671 558 Numinis
1687 495 1907 557 Gratia

884 584 1193 649 Insornnes
1213 579 1515 642 dimiserit.

680 673 926 739 Vicerat
945 667 1287 749 olimJosue
1303 666 1737 727 Amorrhaeum

723 756 1171 826 Adblandiente
1190 750 1352 814 Cocli
1369 752 1674 814 serenitate
1691 795 1708 818 2

855 843 1123 905 Favente
1143 838 1275 901 solis
1294 839 1548 901 statione
1566 883 1583 907 ,

683 929 930 1013 Nempe
948 929 1102 990 stetit
1118 926 1224 988 Sol
1241 928 1305 987 in
1322 925 1741 1009 castrisJosu'c',

861 1015 957 1079 Ne
975 1015 1148 1076 staret
1167 1013 1572 1074 Amorrhaeus

764 1098 967 1166 Metas
980 1101 1209 1162 distulit
1226 1100 1341 1160 diei
1357 1103 1643 1179 attingere
1659 1139 1676 1163 ,

735 1190 829 1253 Ut
856 1192 920 1250 in
959 1188 1156 1249 castris
1190 1186 1697 1246 Amorrhaeorum

677 1272 975 1340 Stativam
994 1272 1385 1354 prosterneret
1402 1270 1761 1338 Fortunam.

977 1359 1041 1420 Si
1060 1364 1220 1417 vices
1237 1358 1453 1416 Voluas

769 1445 1008 1527 Suppar
1024 1462 1281 1504 renovas
1301 1441 1689 1503 miraculum.

506 1534 944 1604 Stationarium
964 1531 1220 1591 militem
1239 1529 1457 1588 divino
1473 1527 1526 1589 se
1543 1528 1815 1590 exhibuit
1830 1527 1960 1591 Soli

397 1618 939 1713 Gymnosophista
955 1613 1574 1697 PrincepsTartarum
1588 1614 2060 1696 expugnaturus}

670 1709 771 1776 Ille
793 1705 998 1771 sereno
1020 1700 1203 1766 Coe-lo
1223 1702 1449 1782 palmas
1467 1700 1796 1769 clemefl'uit.

535 1796 659 1865 Hic
677 1793 901 1884 pluviis
919 1791 1113 1851 oculis
1134 1786 1487 1868 Epinic‘ium
1509 1786 1611 1854 sibi,
1632 1789 1932 1860 occinuit„

721 1877 876 1942 Non
915 1870 1175 1957 amplius
1218 1872 1420 1939 credas
1451 1871 1754 1938 AEthnam

603 1966 883 2031 Unicum
913 1965 1160 2035 jocantis
1194 1956 1442 2025 Naturae
1472 1960 1820 2040 prodigium
1837 2003 1854 2026 ‚

654 2053 718 2116 Si
734 2049 940 2117 videas
960 2048 1040 2109 ibi
1058 2046 1398 2110 incolumes
1415 2065 1559 2109 cum
1578 2048 1817 2127 ignibus

968 2131 1164 2196 Nives
1178 2131 1507 2199 colludere.

423 2227 787 2292 Pulchriora
805 2223 1043 2284 exhibet
1060 2219 1390 2301 speti'tacula
1408 2216 1776 2298 ingeniosior
1789 2216 2029 2287 Gratia,

761 2306 931 2374 ,Cum
949 2307 1309 2387 Principum
1326 2298 1737 2366 Pientiffimus

733 2395 934 2458 Totus
956 2393 1196 2454 Divino
1212 2390 1532 2471 diflagrans
1548 2409 1754 2452 amore

876 2480 947 2543 In
966 2481 1266 2561 lacrymas
1283 2475 1361 2540 ita
1379 2475 1631 2538 solvitur
1648 2519 1666 2544 ,

636 2563 729 2633 Ut
745 2570 895 2649 ignis
917 2588 1139 2648 aquam
1165 2584 1182 2636 3
1231 2584 1385 2643 aqua
1404 2565 1609 2644 ignem
1623 2565 1861 2630 foveat,

808 2653 1148 2720 Miscentur
1164 2646 1380 2712 iterum
1399 2653 1711 2712 elementa.

691 2741 1032 2822 Antiquum
1052 2740 1234 2799 cahos
1252 2737 1360 2797 nisi
1379 2737 1575 2802 Amor
1588 2737 1812 2817 aliquis

983 2825 1198 2889 Potuit
1212 2843 1511 2884 revocare.
1899 2823 2078 2907 Qid
