2231 3522
771 343 969 407 Pleno
985 341 1341 404 divitiarum
1358 342 1607 422 gurgite.

572 428 872 495 Arescunt
888 432 983 511 alij
1003 428 1293 490 exsiccata
1327 426 1563 490 Palude
1586 435 1817 513 inopes,

1014 515 1090 576 Se
1108 512 1357 574 conscio
1377 558 1394 581 2

494 602 835 670 Neminem
850 622 1111 684 gemere,
1137 599 1451 662 neminem
1482 600 1719 678 miseriis
1734 607 1877 687 angi

619 692 620 695 ’
1064 683 1358 748 Permisit.

761 771 1032 838 Nubilos
1048 774 1357 853 egentium
1376 773 1617 833 animos

705 858 945 923 Profufi
973 861 1100 920 auri
1133 857 1428 920 serenavit
1463 858 1639 919 radiis
1655 903 1673 926 2

561 947 645 1012 Et
665 967 817 1029 quos
837 943 1208 1009 miseriarum
1230 946 1468 1007 cumuli
1493 946 1828 1025 gravabant

681 1033 921 1099 Additis
939 1033 1172 1112 elargiti
1199 1035 1324 1094 aeris
1351 1031 1724 1115 ponderibus

1008 1118 1363 1182 Alleviavit.

520 1207 774 1275 Discite,
790 1207 898 1289 qui
914 1225 1070 1268 auro
1087 1205 1302 1267 divites
1316 1204 1573 1285 gloriam
1591 1205 1872 1286 quaeritis,

316 1297 337 1357 ’.
366 1296 469 1362 Sic
487 1317 589 1380 per
603 1295 938 1358 hominum
953 1290 1213 1354 miserias
1243 1291 1320 1351 ad
1344 1290 1691 1352 felicitatem
1721 1288 2026 1369 scanderei

482 1380 778 1462 Principis
796 1379 988 1459 gloria
1017 1377 1268 1457 aequiori
1296 1376 1488 1458 pretio
1504 1396 1635 1437 non
1661 1379 1913 1448 emitur,

667 1463 882 1549 Quam
900 1464 1342 1526 beneficiorum
1359 1462 1734 1542 elargitione,

455 1555 539 1623 Et
565 1552 923 1637 Imperantis
971 1571 1189 1611 manus
1219 1548 1438 1609 clarior
1456 1546 1686 1630 semper
1698 1549 1943 1621 irradian

801 1633 1341 1716 Donativ02quam
1361 1633 1606 1715 sceptro,

615 1725 867 1791 Semina
895 1723 1255 1784 meritorum
1286 1719 1578 1782 beneficia
1594 1719 1789 1792 censc,

804 1808 957 1870 Haee
973 1809 1079 1888 qui
1097 1805 1282 1867 nescit
1297 1805 1609 1873 seminare,

572 1894 924 1976 Nunquam
944 1896 1109 1953 uberi
1128 1889 1307 1952 meffe
1338 1896 1548 1952 merita
1565 1890 1829 1970 colliget.

522 1983 701 2068 Qid
732 1980 1016 2060 Princeps
1043 2022 1061 2045 ,
1103 1977 1212 2038 nisi
1253 1976 1360 2038 Sol
1390 1977 1544 2037 inter
1569 1975 1844 2059 Populos
1870 1979 1888 2039 ἓ

615 2067 792 2161 Qid
805 2064 1045 2129 Sol,nifi
1068 2063 1350 2145 Princeps
1367 2063 1519 2124 inter
1533 2060 1774 2144 sydera?

748 2150 986 2215 Neuter
1001 2150 1070 2211 sit
1086 2151 1158 2210 ab
1172 2150 1362 2210 altero
1379 2149 1657 2229 degener,

687 2237 965 2320 Uterque
1004 2235 1138 2298 suos
1178 2235 1410 2297 emittat
1452 2238 1673 2298 nitores
1687 2281 1706 2306 ‚

378 2327 616 2396 Neuter
629 2325 864 2390 nemini
880 2342 1118 2390 avarus,
1135 2339 1385 2404 uterque
1401 2323 1685 2384 omnibus
1702 2322 2023 2386 beneficus,

738 2409 873 2494 Qui
903 2409 1178 2472 nesciunt
1205 2409 1325 2480 alijs
1354 2407 1622 2490 prodcsse
1640 2454 1656 2475 2,

876 2492 1014 2560 Nec
1033 2494 1262 2578 praeesse
1281 2493 1494 2562 sciunt,

645 2584 815 2667 Quia
833 2584 937 2646 fibi
963 2577 1204 2646 tantum
1219 2601 1349 2642 non
1376 2581 1498 2659 alijs
1518 2582 1755 2640 vivunt.

447 2671 509 2734 Si
524 2673 773 2752 gratiam
792 2669 1089 2750 Principis
1115 2670 1401 2731 voluntas
1418 2666 1581 2727 nuda
1600 2686 1728 2726 non
1745 2661 1955 2734 asserit,

383 2757 521 2824 Nec
538 2756 840 2823 beneficii]
858 2751 1285 2837 censeas,quod
1303 2754 1471 2814 nulla
1489 2753 1743 2813 utilitate
1760 2754 2029 2821 [emitum

898 2839 1204 2925 Princeps
1220 2842 1297 2902 ita
1315 2839 1533 2922 praefit>
1853 2920 1914 2983 V

1917 2939 1941 2983 t
