2231 3522
419 192 533 236 160

619 304 722 370 Ad
737 304 1040 366 Virtutum
1058 298 1260 360 aliexit
1276 299 1482 358 honr-ii
1497 319 1737 361 amenta

896 386 1170 466 Elargitis
1185 385 1461 465 proemijs

750 472 1041 535 Geminis
1060 467 1217 531 hisce
1236 471 1451 535 fulcini
1430 476 1609 533 entis

586 559 804 626 Innixa
832 559 966 641 Imp
973 560 1133 623 cria,
1162 576 1276 616 nec
1302 554 1496 636 lapsus
1527 559 1764 630 timent,

825 643 1051 726 Neque
1068 636 1303 703 diffidia
1323 642 1555 704 fovent.

517 729 829 798 Securius
820 747 1094 814 imperat,
1112 731 1219 809 qui
1237 729 1522 788 hetorum
1537 729 1835 794 securibus

914 815 1199 879 Nefarios
1219 813 1465 893 subijcit.

666 903 750 968 Et
764 902 889 971 fibi,
919 925 988 965 36
1006 902 1119 964 suis
1138 903 1405 983 quietern
1425 899 1698 982 spondet,

735 991 869 1072 Q'i
886 990 1084 1052 multa
1103 987 1303 1050 sceleri
1317 986 1656 1087 respondet

636 1077 979 1143 Virtutibus
1016 1076 1303 1159 proemia,
1348 1075 1503 1149 vitiis
1540 1094 1736 1157 poenae

929 1163 1018 1225 Si
1010 1170 1442 1242 1njungantur²

843 1248 939 1313 Ex
960 1248 1117 1312 hisce
1134 1247 1503 1309 discordibus
1521 1291 1539 1314 ,

582 1330 866 1398 Concors
877 1338 969 1398 fit
962 1357 1023 1396 in
1046 1334 1383 1416 Republica
1402 1350 1759 1401 concentus,

487 1422 646 1506 Qio
662 1424 875 1486 virtuti
907 1421 1278 1505 Epinicion,
1309 1420 1483 1482 Vitio
1514 1417 1883 1503 Epicedium

1049 1503 1329 1569 Canitur.

541 1591 769 1655 Pacata
792 1592 1158 1676 Principum
1199 1593 1492 1674 regimina
1524 1612 1653 1654 non
1671 1592 1828 1664 sunt,

588 1677 726 1745 Nisi
742 1681 949 1743 inultis
979 1698 1317 1763 opacentur
1332 1678 1556 1759 flagitia
1572 1683 1782 1762 poenis,

906 1765 1249 1828 Primordia
1267 1765 1439 1827 Pacis

444 1854 545 1921 Ab
565 1855 691 1935 ipio
717 1869 1009 1936 petuntur
1038 1852 1199 1912 bello
1205 1852 1423 1932 quod
1413 1871 1477 1911 in
1494 1849 1931 1930 scelerainitur,

856 1938 946 1998 Sit
977 1936 1263 2019 Princeps
1291 1934 1499 2018 AEque

614 2022 874 2088 Virtutis
891 2019 1136 2104 Cultor,
1154 2044 1223 2084 36
1240 2022 1529 2085 scelerum
1547 2023 1753 2090 Ultor.

389 2107 651 2174 Mortua
668 2110 974 2193 AEquitas
964 2109 1322 2190 iniquorum
1337 2132 1396 2170 m
1405 2112 1628 2173 ortibus
1644 2111 1971 2181 suscitatur.

668 2196 751 2262 Et
762 2199 956 2258 virtus
971 2195 1013 2256 si
1030 2194 1209 2256 semel
1222 2196 1476 2257 extine‘ia
1492 2198 1695 2266 fuerit,
1963 2193 1970 2198 ’

699 2284 907 2346 Altera
925 2281 1340 2348 Phoenix,n0n
1357 2283 1678 2349 reviviscit,

888 2366 1020 2430 Nisi
1040 2389 1108 2428 ex
1123 2370 1319 2429 cincre
1336 2370 1480 2439 vitii.

648 2452 950 2517 Discutite
969 2475 1135 2515 1111116
1168 2454 1390 2534 Magni
1410 2454 1738 2536 Principes,

581 2540 756 2622 Quas
785 2542 1106 2620 concipitis
1136 2541 1211 2601 ad
1240 2541 1467 2601 recium
1487 2540 1784 2621 Regimen

797 2626 1068 2688 Prolixas
1089 2624 1361 2687 {dearum
1384 2626 1579 2696 scriesg

427 2706 433 2712 ⁸
521 2709 860 2794 Longas,ac
876 2711 1192 2793 perarduas
1210 2713 1336 2772 vias
1353 2709 1578 2773 beatius
1594 2715 1835 2793 potestis

752 2795 898 2862 Hoc
912 2820 1188 2883 peragere
1205 2799 1574 2881 compendio
1591 2841 1609 2863 2

1838 2884 1920 2948 Et
