2231 3522
435 196 529 241 136

916 306 1181 374 Dolores
1201 313 1460 382 exhibet,

662 396 1067 481 Suscipiendae
1097 397 1289 459 laudis
1308 401 1719 463 incitamenta.
1800 436 1811 451 ·

940 483 1238 566 Empyrei
1256 484 1440 547 Arces

642 566 984 653 Multiplici
1018 572 1255 632 Vallatae
1298 574 1766 652 propugnaculo

785 657 934 720 Vim
962 667 1275 737 patiuntur
1289 657 1640 719 maximam.

543 737 911 808 Praesldiaria
942 739 1238 804 Coclitum
1266 744 1483 805 militia
1500 757 1895 826 propugnatae

774 828 1148 912 Expugnatu
1165 829 1305 891 sunt
1326 824 1622 892 difficiles

674 916 818 980 Sine
848 918 1131 978 exantlati
1159 918 1375 979 laboris
1405 916 1735 978 constantia*

733 1000 891 1067 Non
918 1002 1125 1066 sinunt
1153 1002 1467 1064 obsidione
1484 1004 1669 1083 cingi,

717 1088 856 1152 Nec
887 1090 1010 1150 sine
1048 1087 1337 1170 sanguine
1370 1090 1680 1171 occupari.

723 1261 1094 1324 Dimicantis
1125 1260 1369 1322 Pietatis
1386 1263 1451 1322 in
1469 1259 1693 1321 Castris

844 1349 1148 1428 Strategus
1168 1343 1589 1413 Peritiffimus‚

515 1433 871 1499 Methaneae
889 1435 954 1495 in
981 1433 1472 1495 Armamentario
1489 1431 1660 1494 sacrae
1676 1431 1907 1495 militiae

839 1519 1247 1583 Instrumenta
1265 1536 1580 1580 mutuatus

433 1605 510 1672 Se
525 1605 722 1692 ipsum
749 1607 1217 1691 expugnavit2ut
1239 1603 1540 1667 Coclitum
1567 1596 1994 1667 munitiffimas

905 1696 1089 1754 Arces
1106 1710 1503 1773 oppugnaret.

701 1776 933 1842 Cilicio
947 1777 1380 1858 chlamydatus
1397 1778 1571 1838 rudia
1587 1778 1730 1839 retia

627 1864 701 1928 In
719 1864 1059 1944 aucupium
1079 1862 1469 1923 cruciatuum
1486 1861 1814 1945 affumpfit,

583 2025 585 2029 ι
851 1950 946 2011 Ac
963 1950 1028 2009 in
1057 1949 1322 2015 victoriae
1339 1949 1592 2031 pedicas

675 2031 965 2117 Repetitis
1008 2035 1341 2115 flagrorum
1368 2035 1769 2101 cruciatibus,

744 2124 991 2205 Qibus
1009 2122 1084 2183 ad
1101 2122 1407 2202 sanguinis
1425 2114 1674 2185 effluvia
1690 2165 1708 2189 ,
1766 2189 1770 2190 ⁷

815 2202 1395 2271 Innocentiffimum
1422 2229 1644 2291 corpus

772 2291 1156 2361 Nocentium
1174 2296 1367 2376 poenis
1388 2296 1696 2360 multavit,

731 2377 1119 2446 Validiffima
1162 2380 1456 2464 Empyrei
1498 2382 1729 2443 moenia

904 2469 1225 2536 Arietavit‚
1241 2466 1554 2550 quaffavit.

540 2553 826 2638 Adytum
856 2553 1110 2617 demum
1152 2554 1712 2637 Triumphantium
1749 2574 1920 2616 more

736 2642 852 2705 Per
866 2643 1117 2714 deietstos
1135 2641 1239 2703 fibi
1256 2643 1489 2723 aperuit
1513 2663 1738 2708 mur-os,

556 2723 728 2789 Cum
754 2729 992 2790 infliclis
1021 2729 1381 2790 cruciatibus
1411 2731 1466 2790 se
1498 2727 1691 2809 ipsum
1719 2726 1914 2808 fregit,

739 2813 1082 2895 Integritate
1099 2837 1229 2878 non
1245 2815 1395 2883 laesa‚
1411 2814 1716 2884 sedaucla,
1818 2893 1860 2958 S

1865 2917 1970 2958 au-
